1872 3106
980 265 1038 307 68

376 424 621 459 terraneum
654 416 903 460 cubiculum
919 450 929 470 ‚
955 425 1220 461 exstructum
1246 419 1291 459 in
1317 419 1481 475 Campo
1510 420 1654 464 Scele-

376 513 495 556 rato,
529 505 791 549 descendere
807 507 1024 559 debuisse,
1052 514 1094 550 et
1116 509 1177 551 sic
1201 509 1319 552 vivas
1341 510 1530 565 sepultas
1543 523 1652 563 esse;

375 596 451 638 sed
478 596 584 647 hoc,
611 597 808 653 quamvis
830 597 1017 640 immane
1031 597 1291 654 supplicium
1307 599 1490 641 nonnisi
1504 599 1659 642 noxiae

372 684 602 736 subibant,
636 700 772 742 quum
802 693 956 729 contra
981 701 1032 729 ea
1058 701 1188 743 supra
1212 688 1441 730 memorati
1464 687 1658 731 homines

372 777 626 818 innocentes
650 783 737 818 tam
765 776 1000 818 crudeliter
1021 777 1278 832 punirentur
1309 776 1393 835 (1).

434 864 575 907 Credo
614 865 770 922 igitur,
815 863 881 907 his
916 865 1115 907 omnibus
1151 866 1196 908 in
1233 873 1465 924 utramque
1492 874 1662 924 partem

375 954 680 1006 consideratis,
706 954 920 997 Graecum
942 955 1195 1011 scriptorem
1216 956 1502 1007 Dorotheum,
1527 971 1658 1014 quem

373 1043 664 1086 Plutarchus
698 1043 762 1101 (2)
797 1050 1020 1086 auctorem
1045 1047 1178 1095 citat,
1211 1045 1257 1087 in
1276 1059 1328 1088 eo
1342 1047 1664 1104 errasse,quod

371 1133 585 1174 somnium
611 1131 761 1174 Marii
783 1145 866 1188 pro
888 1145 992 1176 vero
1017 1132 1138 1175 facto
1164 1132 1379 1178 habuerit.

425 1313 468 1354 3.
517 1312 568 1356 C‘.
613 1312 808 1363 Lusius,
841 1309 956 1354 filius
980 1312 1137 1354 amitae
1165 1313 1315 1356 Marii
1333 1312 1544 1370 junioris,
1577 1314 1658 1357 fuit

374 1401 573 1444 tribunus
609 1401 793 1443 militum
830 1400 875 1443 in
914 1401 1118 1444 avunculi
1144 1402 1208 1444 sui
1237 1381 1450 1454 exercitu,
1484 1410 1526 1446 et
1555 1403 1657 1447 huic

367 1506 458 1535 non
483 1490 618 1533 modo
650 1490 708 1532 ob
736 1489 1111 1547 propinquitatem
1127 1521 1138 1540 ‚
1172 1504 1320 1534 verum
1351 1492 1479 1535 etiam
1497 1493 1555 1536 ob
1573 1495 1656 1538 vir-

366 1588 503 1624 tutem
538 1580 742 1623 bellicam
781 1592 921 1622 carus.
981 1579 1062 1621 Hic
1101 1579 1357 1623 adolescens
1379 1581 1530 1625 insana
1558 1583 1657 1626 libi..

362 1671 464 1714 dine
503 1670 717 1727 flagrans,
763 1683 899 1726 quum
940 1669 1171 1725 aliquoties
1200 1667 1360 1712 frustra
1391 1672 1653 1716 commilito-

361 1774 462 1802 nem
503 1759 790 1808 Trebonium,
835 1757 904 1800 vel
945 1763 992 1803 ut
1037 1757 1111 1799 alii
1153 1771 1252 1799 eum
1287 1767 1449 1803 vocant
1478 1760 1525 1805 C.
1555 1761 1657 1805 Plo.

363 1849 470 1892 tium
488 1881 499 1900 ,
532 1853 759 1898 tentasset,
793 1846 969 1889 tandem
996 1846 1117 1888 illum
1143 1853 1280 1890 noctu
1305 1849 1363 1891 ad
1389 1863 1433 1891 se
1453 1850 1499 1893 in
1513 1858 1658 1895 tento-

366 1939 525 1982 torium
551 1943 707 1988 vocat,
741 1949 889 1980 verum
912 1935 968 1977 ab
991 1949 1065 1986 e0,
1099 1950 1229 1992 quem
1245 1937 1515 1982 adillicitum
1533 1955 1654 1984 amo-

364 2042 457 2070 rem
489 2040 646 2084 cogere
676 2025 828 2076 vellet,
872 2024 1145 2067 interficitur.
1205 2025 1367 2068 Aberat
1409 2034 1514 2071 tunc
1542 2029 1654 2074 forte

371 2117 557 2159 Marius·
584 2129 607 2157 a
634 2113 805 2157 castris:
836 2113 912 2156 sed
925 2128 1062 2170 quum
1076 2128 1267 2157 reversus
1287 2122 1416 2165 esset,
1438 2116 1656 2172 judicium

367 2208 414 2249 in
438 2205 664 2263 principiis
685 2201 1014 2253 instituebatur,
1049 2209 1090 2244 et
1116 2203 1371 2246 interfector
1394 2205 1659 2250 Lusz‘z‘acri-

366 2301 433 2338 ter
470 2294 775 2338 accusabatur.
841 2291 922 2333 Hie
948 2290 1112 2333 summa
1136 2291 1269 2333 animi
1299 2295 1543 2339 constantia
1565 2298 1658 2354 ipse

365 2398 410 2426 se
448 2384 671 2433 defendit,
717 2387 931 2438 testesque
966 2379 1172 2431 adduxit,
1204 2381 1280 2437 qui
1308 2395 1404 2424 eum
1434 2383 1490 2426 ab
1518 2385 1652 2429 inter-

412 2603 464 2646 (1)
488 2603 583 2635 Cons.
610 2603 701 2634 Plut.
726 2602 760 2632 in
785 2598 885 2633 Fabio
907 2609 942 2641 p.
972 2598 1048 2644 184.
1073 2600 1108 2632 Ε.
1136 2602 1170 2632 et
1196 2601 1323 2643 Lipsius
1342 2602 1383 2635 de
1404 2603 1503 2638 Vesta
1518 2616 1591 2650 cap.
1611 2607 1663 2640 13.

409 2664 461 2707 (2)
485 2663 575 2695 Plut.
599 2663 632 2693 in
659 2661 781 2694 Parall.
811 2671 843 2702 p.
870 2659 948 2692 310.
976 2660 1012 2693 E.
