1872 3106
986 246 1068 287 110

981 396 1051 438 33.

638 471 844 520 Mari-us,
879 473 1044 517 Frano.
1078 475 1317 534 Philelphi
1344 479 1394 521 F.

437 568 498 609 De
534 566 618 610 hoe
653 567 808 624 juvene
844 570 969 613 nobis
1006 571 1114 616 haee
1152 573 1281 616 refert
1319 574 1531 631 Gyraldus
1560 578 1651 635 (1):

376 656 542 700 Franc.
586 655 828 718 Philelplzi
859 660 965 716 filii
984 661 1194 717 fuerunt
1228 664 1385 707 Marius
1420 671 1464 706 et
1505 667 1656 723 Cyrus

373 760 428 788 ex
469 745 778 803 Chrysolorae
818 749 989 793 Graeci
1013 750 1211 794 hominis
1242 754 1654 811 doctissimifilid,

372 849 565 892 quornm
601 836 756 879 Marius
788 841 1094 895 paratissimo
1119 839 1228 895 fuit
1258 843 1448 898 ingenio
1483 849 1529 886 et
1567 859 1657 888 me-

373 925 521 966 morici
544 927 745 982 quddam
770 928 1057 970 incredibili:
1091 944 1216 980 nam,
1249 936 1301 972 ut
1325 933 1425 988 ipse
1449 947 1504 975 ea·
1531 934 1651 990 Cyro

358 1011 524 1068 fratre
565 1015 745 1066 audivi,
789 1032 882 1059 uno
917 1032 1037 1074 pene
1076 1024 1210 1061 stans
1240 1023 1436 1078 vestigio
1473 1028 1654 1065 centum

363 1118 457 1160 per
487 1101 689 1147 ordinem
713 1107 954 1147 materiam
977 1109 1371 1163 proponentibus,
1404 1109 1650 1165 confestim

366 1194 551 1249 cuique,
575 1207 665 1249 quo
681 1197 931 1250 proposita
941 1193 1116 1250 fuerat
1143 1198 1327 1248 ordine,
1354 1204 1556 1242 carmine
1580 1215 1651 1242 re-

356 1280 564 1337 ferebat.
607 1279 768 1339 Longe
797 1288 950 1325 tamen
978 1283 1052 1326 hio
1080 1287 1131 1326 in
1158 1289 1340 1328 coronis
1361 1290 1646 1345 promptior,

364 1385 504 1427 qnam
532 1373 725 1428 scriptis
756 1374 973 1428 cognitu-s
1005 1378 1090 1415 est.

417 1547 562 1603 Atque
591 1547 700 1589 haec
724 1547 939 1590 sufficiant
964 1549 1019 1590 de
1041 1549 1215 1592 diversis
1238 1549 1431 1600 Mariis,
1459 1565 1644 1607 quorum

361 1650 586 1678 numerum
622 1636 876 1692 ampliorem
905 1636 1035 1679 facile
1061 1637 1243 1679 reddere
1269 1651 1460 1693 possem,
1493 1640 1526 1681 si
1553 1653 1646 1683 om-

359 1740 435 1768 nes
460 1738 711 1768 enumerare
734 1725 910 1775 vellem,
952 1738 1138 1781 quorum
1161 1725 1337 1767 nomina
1361 1727 1405 1768 in
1429 1729 1645 1772 veteribus

362 1814 722 1871 Inscriptionibus
755 1814 880 1856 nobis
911 1828 1000 1855 sese
1026 1802 1236 1865 offerunt,
1269 1816 1302 1857 si
1326 1817 1501 1872 quidem
1529 1819 1644 1862 solus

363 1903 616 1952 Gruterus,
643 1917 698 1945 ne
728 1902 836 1959 quid
864 1902 918 1944 de
941 1902 1277 1958 Inscriptionum
1308 1906 1639 1958 collectoribus,

365 1993 533 2050 Georg.
571 1991 806 2041 Fabricio,
845 1991 985 2034 Justo
1021 1993 1202 2048 Lipsio,
1234 1993 1450 2037 Reinesio
1480 2002 1522 2037 et
1549 1997 1643 2039 aliis

360 2083 528 2131 dicam,
563 2082 913 2138 quinquaginta
939 2086 983 2122 et
1006 2083 1210 2138 quinque
1233 2083 1388 2124 Marios
1417 2085 1461 2125 in
1488 2084 1641 2128 Indice

361 2172 492 2227 Corp.
529 2168 730 2224 Inscript.
761 2166 968 2212 recenset.
1029 2170 1186 2214 Verum
1217 2184 1269 2213 ex
1302 2171 1381 2224 iis,
1415 2186 1525 2229 quos
1553 2173 1637 2216 hoc

355 2262 457 2302 loco
491 2258 759 2307 enumeravi,
793 2256 888 2313 jam
922 2257 1023 2298 satis
1052 2271 1266 2314 superque
1293 2267 1492 2302 constare
1521 2262 1636 2303 arbi-

358 2438 593 2481 nemim-em
617 2441 802 2478 «etatem
825 2447 1048 2492 nunquam
1068 2435 1248 2477 Marios
1276 2435 1477 2489 defuisse,
1504 2439 1635 2480 illud-

358 2540 443 2583 que
473 2538 631 2566 nomen
661 2523 896 2565 admodum
925 2522 1103 2578 vulgare
1132 2522 1271 2565 fuisse.

398 2643 450 2687 (Ι)
474 2642 608 2682 Gyraldi
632 2643 729 2683 Oper.
756 2639 847 2673 Tom.
873 2638 921 2672 11.
945 2648 979 2680 p.
1003 2638 1084 2671 533.
1110 2639 1146 2670 Ε.
1171 2639 1207 2671 F.

858 2729 1078 2745 *-
