1872 3106
858 210 907 251 15

237 360 385 405 lienati
423 360 622 411 fuerant,
667 367 766 416 post
804 366 869 403 tot
909 364 1182 416 perpetratas
1210 355 1367 399 caedes
1393 355 1529 412 inagis

237 450 368 494 etiam
406 449 655 494 exacerbati
696 455 861 502 essent3
905 455 1094 507 utraque
1137 447 1299 497 factio,
1332 459 1422 489 non
1450 445 1532 488 nisi

237 540 478 584 vindictam
501 539 697 596 spirans,
730 538 776 582 id
806 539 1002 595 inprimis
1030 551 1157 596 agere
1184 537 1354 592 coepit,
1387 542 1436 579 ut
1453 535 1535 578 sibi

239 629 454 679 invicem,
497 635 712 685 quantum
749 633 920 685 posset,
967 598 1175 683 noceret,
1212 640 1398 684 suasque
1424 626 1534 670 vires

241 717 469 762 adhiberet
504 717 564 759 ad
591 717 791 761 inimicos
817 732 842 761 e
867 718 1015 761 medio
1044 717 1277 761 tollendos
1293 716 1377 774 (l).
1437 715 1532 759 llis·

245 807 358 851 toria
395 807 524 850 nohis
546 807 681 850 multa
708 805 837 864 hujus
860 807 965 849 mali
988 807 1154 864 publici
1183 806 1379 862 exempla
1405 818 1534 862 prae·

242 895 341 948 bet,
374 910 399 938 e
424 895 584 953 quibus
615 903 759 940 tamen
788 910 879 939 non
909 896 988 939 uisi
1024 896 1115 939 duo
1146 896 1344 939 referam.
1537 877 1542 883 ¹

300 985 513 1037 Primum,
547 985 672 1042 quod
699 985 757 1028 ad
785 985 1060 1030 nobilitatem
1083 991 1274 1042 spectat,
1307 983 1423 1029 hanc
1439 983 1535 1042 jam

238 1076 384 1119 statim
417 1075 602 1120 victoria
635 1075 712 1119 sua
754 1075 934 1120 abusam
974 1076 1103 1119 fuisse
1140 1075 1361 1126 videmus,
1404 1075 1539 1118 modo

238 1164 431 1209 animum
461 1165 738 1208 advertamus
766 1165 824 1209 ad
848 1166 1145 1219 severitatem,
1174 1181 1230 1210 ne
1257 1166 1401 1211 dicam
1434 1179 1535 1208 cru-

240 1254 486 1306 delitatem,
519 1255 610 1312 qua
635 1255 809 1298 lucam
843 1255 1052 1313 Opimius
1078 1256 1230 1298 consul
1259 1255 1482 1298 decretam
1510 1268 1535 1297 a

238 1350 392 1387 senatu
417 1331 720 1403 quaestionem
748 1344 805 1387 de
827 1343 1095 1388 Gracchanis
1121 1345 1330 1389 exercuit.
1375 1346 1535 1389 Multos

238 1434 357 1480 ferro
382 1434 580 1485 necavit.
622 1435 730 1478 alios
753 1435 896 1492 patria
925 1435 1072 1492 pulsos
1094 1436 1140 1478 in
1166 1436 1359 1478 exsilium
1387 1436 1540 1493 conje-

239 1526 317 1571 cit.
352 1524 470 1579 Quid
495 1538 631 1581 porro
653 1524 711 1568 de
735 1525 819 1568 isto
848 1525 1010 1569 scelere
1038 1525 1184 1568 dicam
1200 1557 1211 1576 ‚
1227 1525 1446 1583 quoidem
1462 1524 1534 1570 hic

242 1616 518 1671 magistratus
555 1615 834 1658 innocentem
875 1621 918 1658 et
958 1615 1220 1659 delictorum
1254 1622 1537 1671 paternorum

238 1706 473 1749 immunem
486 1705 623 1749 filium
637 1706 981 1755 Fulm'iFlacci,
1003 1706 1169 1749 inimici
1185 1706 1247 1748 sui
1261 1737 1271 1757 ,
1289 1705 1536 1751 interemit?

241 1795 360 1838 Haec
401 1795 595 1838 vindicta
627 1794 765 1851 magis
801 1794 974 1850 privato
1003 1794 1132 1843 odio.
1167 1808 1300 1850 quam
1331 1795 1534 1852 publicae

244 1898 403 1929 causae
433 1885 538 1929 data
569 1891 631 1928 est
664 1884 747 1942 (2).

298 1974 464 2018 Deinde
487 1973 605 2017 haud
631 1973 787 2016 minori
812 1973 1081 2017 vehementia
1105 1974 1266 2032 plebeji
1284 1976 1413 2018 etiam
1434 1990 1534 2021 suos

242 2063 460 2115 inimicos,
495 2063 601 2106 data
627 2064 880 2114 occasione,
915 2065 1130 2121 persecuti
1150 2071 1262 2109 suut.
1326 2066 1533 2124 Exemplo

242 2152 295 2195 sit
330 2153 382 2197 C.
414 2153 652 2197 Mamilius
687 2153 978 2204 Limetanus,
1013 2154 1210 2197 tribunus
1240 2156 1391 2211 plebis.

300 2242 444 2297 Quum
458 2242 659 2286 nimirum
675 2249 871 2300 tempore
884 2243 986 2287 belli
1004 2244 1028 2286 J
1033 2244 1252 2301 ugurthiui
1268 2245 1383 2288 haud
1401 2248 1528 2303 pauci

282 2487 334 2529 (1)
358 2487 447 2521 mut.
473 2489 507 2521 iu
531 2488 570 2523 C.
597 2487 750 2521 Graccho
774 2499 848 2531 pag.
876 2487 955 2522 842.
982 2490 1018 2523 F.

281 2547 335 2588 (2)
358 2548 449 2582 Plut.
477 2549 511 2581 in
537 2549 575 2583 C.
601 2548 755 2581 Graccho
790 2559 864 2591 pag.
897 2549 977 2583 843.
1004 2550 1066 2588 Λ..
1098 2549 1169 2582 Vel!
1217 2550 1350 2586 Patere.
1382 2553 1455 2590 tib.
1489 2555 1534 2587 11.

368 2618 442 2650 cup.
470 2606 501 2641 7.
