1872 3106
935 226 994 270 94

318 376 373 419 Μ.
389 376 571 419 Marium
588 376 831 420 Gratidium
845 409 856 429 ‚
885 378 1033 433 Quinti
1051 379 1271 423 Ciceronis
1294 380 1338 422 in
1359 380 1459 424 Asia
1482 382 1603 440 lega·

319 474 425 510 tum.
488 467 575 510 Sed
612 468 670 511 P.
701 469 947 511 Manutius
985 469 1048 527 (l)
1091 471 1305 522 ostendit,
1345 471 1413 522 id,
1431 471 1604 517 minime

315 557 542 601 verisimile
567 571 674 609 esse,
707 559 831 615 quod
860 560 1011 602 Marii
1035 567 1077 603 et
1107 560 1318 603 Gratz'dz'i
1339 561 1604 607 diversarum

311 646 571 689 familiarum
605 647 792 701 fuerint,
832 655 875 692 et
910 650 1078 706 legatus
1109 651 1163 705 Q.
1195 651 1415 694 Ciceronis
1446 651 1606 696 Grati-

310 738 446 792 dius,
475 751 566 780 non
591 751 695 781 vero
727 739 912 782 Marius
944 739 1087 782 dictus
1110 741 1177 784 sit.
1223 741 1458 784 Ernestus
1487 741 1604 787 hunc

313 826 518 870 Marium
545 842 635 871 non
660 829 875 873 diversum
902 835 1029 886 putat
1056 830 1112 873 ab
1138 831 1235 882 illo,
1269 832 1368 889 qui,
1397 839 1445 875 ut
1470 833 1605 893 modo

309 930 440 973 supra
463 918 667 970 vidimus,
701 919 891 961 Sallustii
916 933 1139 962 successor
1161 920 1262 972 suit,
1295 928 1338 964 et
1363 921 1604 964 Sidicinum

311 1006 465 1057 fuisse,
498 1009 565 1052 vel
591 1009 882 1053 Valentinum.
946 1007 1155 1053 Orellz'us
1184 1018 1339 1054 contra
1370 1011 1608 1054 arbitratur

309 1094 427 1138 hunc
443 1097 646 1140 Marium
671 1098 798 1140 fuisse
814 1098 965 1141 Triarii
992 1100 1343 1156 subscriptorem.
1390 1102 1494 1143 Utra
1524 1100 1605 1142 ha-

310 1199 406 1227 rum
434 1186 742 1228 sententiarum
760 1188 1044 1243 praeferenda
1063 1191 1129 1241 sit,
1149 1191 1350 1247 ignorare
1366 1204 1434 1232 mc
1449 1190 1600 1241 fateor,

311 1288 448 1331 quum
470 1281 658 1333 utraque
686 1290 777 1320 non
803 1278 883 1321 nisi
912 1279 1030 1322 mer&
1051 1279 1308 1337 conjecture
1327 1281 1505 1324 nitatur.

933 1425 977 1469 7.

759 1546 932 1591 Sextus
965 1547 1149 1590 Marius

310 1695 412 1747 fuit,
447 1695 510 1737 uti
537 1702 710 1741 constat
738 1712 761 1740 e
793 1699 1011 1744 Cicerone
1031 1698 1095 1757 (2)
1126 1714 1226 1743 cum
1251 1701 1298 1744 C.
1312 1701 1424 1745 Titio
1438 1702 1604 1761 legatus

312 1785 579 1828 Dolabellae.

934 1904 979 1948 8.

780 2016 817 2060 Τ
814 2019 908 2059 itus
940 2019 1140 2063 Manus.

372 2171 746 2214 Commemoratur
780 2182 805 2210 a
849 2169 1069 2213 Cicerone
1096 2170 1161 2228 (3)
1200 2171 1244 2213 in
1276 2172 1458 2228 epistola
1488 2174 1600 2230 quii-

312 2261 414 2302 dam
454 2259 513 2302 ad
548 2258 713 2302 Rufum
752 2257 940 2315 scripta,
981 2266 1025 2301 et
1057 2260 1242 2302 refertur
1270 2261 1384 2303 :inter
1415 2262 1599 2318 praedes

343 2455 396 2498 (1)
418 2456 545 2488 Manut.
584 2455 620 2486 in
653 2455 837 2487 Comment.
872 2452 913 2485 ad
938 2453 1047 2487 Cicer.
1071 2453 1176 2496 Epist.
1202 2454 1243 2486 ad
1268 2455 1396 2489 Divers.
1422 2457 1492 2492 Lib.
1518 2459 1596 2494 VII.

430 2515 536 2558 Epist.
565 2515 596 2546 l.

349 2575 401 2617 (2)
424 2575 495 2608 Cic.
521 2575 621 2617 Epist.
650 2574 690 2606 ad
716 2575 842 2607 Divers.
867 2572 938 2607 Lib.
961 2573 1039 2606 111.
1062 2574 1167 2617 Epist.
1191 2575 1242 2607 15.
1270 2575 1285 2619 ς
1315 2576 1368 2610 ll.

350 2635 401 2678 (3)
425 2636 494 2670 Cic.
521 2634 625 2677 Epist.
652 2635 693 2667 ad
715 2635 841 2669 nivers.
867 2633 937 2667 Lib.
962 2634 1002 2670 V.
1028 2635 1132 2678 Epist.
1161 2635 1217 2668 20.
