1872 3106
1020 233 1077 280 96

395 387 551 445 facile
573 388 792 438 dixerim,
814 390 913 430 nisi
931 391 1057 431 inter
1071 388 1293 446 Quintum
1307 394 1351 430 et
1364 389 1574 431 Marcum
1578 391 1686 448 jam

406 482 709 528 convenerat,
751 483 804 519 ut
842 492 943 520 eum
984 476 1111 532 fictis
1142 479 1429 529 nominibus,
1465 476 1686 521 Caesaris

408 571 601 611 maxime
626 571 772 611 causei
786 598 799 618 ‚
831 569 1122 625 quz'Pz‘sonz's
1148 574 1252 611 erat
1275 583 1446 626 gener,
1475 569 1690 627 appella-

407 665 526 702 rent.
545 681 601 694 —-
618 659 689 701 Est
725 658 858 715 igitur
886 672 938 700 ex
963 656 1175 700 sententia
1189 658 1400 701 Manutz'z'
1417 656 1490 700 hic
1506 659 1692 702 Marius
1750 717 1754 720 Δ

403 763 494 791 non
519 749 600 791 nisi
622 761 808 804 persona
834 747 956 790 ficta.

462 839 515 880 Hi
554 844 674 893 sunt,
716 838 751 879 si
787 844 906 880 recte
942 836 1136 888 memini,
1169 836 1228 878 ad
1257 850 1391 878 unum
1429 850 1579 879 omnes
1606 837 1698 880 alii

404 928 548 979 Marii,
582 942 771 985 quorum
796 928 842 970 in
867 927 1037 983 scriptis
1061 925 1282 970 Ciceronis
1305 926 1513 968 memoria
1540 933 1693 970 exstat.

407 1019 568 1064 Verum
604 1024 778 1074 praeter
818 1015 897 1058 hos
931 1015 1004 1058 alii
1030 1016 1160 1058 etiam
1191 1015 1247 1057 ab
1277 1015 1371 1058 aliis
1399 1015 1693 1073 scriptoribus

406 1108 709 1158 nominantur,
742 1107 798 1149 de
825 1105 984 1164 quibus
1005 1119 1123 1148 nunc
1151 1105 1302 1162 paucis
1330 1119 1522 1163 agemuffl

1021 1282 1089 1327 ιο.
1142 1270 1145 1272 “

948 1465 1147 1508 Marius.

464 1645 537 1688 Sic
572 1659 613 1688 v.
649 1658 690 1686 c.
724 1657 751 1685 a
784 1642 1044 1687 Plutarcho
1077 1642 1142 1700 (l)
1175 1643 1288 1685 inter
1322 1643 1519 1700 captivos
1549 1657 1575 1686 a
1606 1644 1692 1687 Lu·-

406 1736 524 1777 cullo
562 1735 606 1775 in
643 1732 761 1775 bello
795 1731 1091 1775 Mithridatico
1124 1732 1182 1774 ad
1217 1732 1489 1776 Achaeorum
1515 1740 1691 1790 portum

406 1824 569 1874 factos,
599 1828 966 1865 commemoratur
987 1807 1168 1879 quidam
1191 1827 1365 1879 Μάριος,
1397 1826 1423 1867 ὁ
1445 1825 1555 1880 παρὰ
1585 1828 1691 1880 Σερ-

405 1915 549 1972 τωρίου
591 1914 819 1970 στρατηγός.
879 1912 1086 1963 Μανίας,
1121 1916 1206 1970 qui
1227 1915 1399 1955 missus
1424 1929 1455 1956 a
1484 1913 1693 1956 Sertorio

407 2007 506 2048 dux
536 2003 725 2060 fuerat.
798 2001 903 2055 Quis
937 1999 1009 2043 hic
1051 1999 1183 2042 homo
1206 2000 1359 2052 fuerit,
1387 2015 1478 2044 non
1503 2002 1693 2058 dicitur,

405 2095 484 2137 sed
507 2107 605 2136 eum
630 2092 758 2134 fuisse
783 2096 933 2133 narrat
960 2089 1251 2134 Plutarchus
1278 2090 1343 2148 (2)
1375 2092 1689 2148 ἑτερόφθαλμον,

407 2185 557 2228 altero
599 2181 731 2244 oculo
757 2182 1025 2238 privatum,
1071 2186 1205 2236 atque
1246 2179 1424 2222 edixisse
1460 2180 1691 2223 Lucullum

409 2281 510 2318 ante
555 2279 775 2315 certamen
810 2269 961 2311 initum
985 2267 1200 2310 militibus
1227 2269 1383 2325 μηδένα
1411 2271 1582 2316 κτείνειν
1606 2274 1689 2313 ἑτε-

447 2582 498 2626 (1)
523 2582 614 2614 Plut.
635 2581 671 2612 in
690 2578 828 2611 Lucullo
847 2588 882 2621 p.
904 2576 985 2626 499.
1011 2577 1048 2609 C.

447 2642 499 2684 (2)
522 2641 613 2675 mut.
638 2640 673 2672 iu
695 2638 834 2671 Lucullo
856 2637 881 2669 1.
905 2637 929 2668 1.
