1872 3106
934 256 990 297 92

317 413 511 457 nei-etur,
544 413 679 464 atque
703 412 937 463 propterea
963 405 1140 448 tandem
1164 407 1258 463 lege
1274 411 1450 447 cautum
1466 413 1596 458 esset,

315 513 374 540 ne
399 499 506 554 quis
530 496 864 553 triumpharet,
892 498 991 538 m'sz'
1013 497 1100 552 qui
1115 498 1319 554 quinque
1334 496 1482 538 millia
1498 495 1605 539 Ιιος-

319 590 434 630 tz'um
456 585 552 628 αηά
575 588 673 628 acie
702 586 965 638 cecidz'sset;
994 591 1127 641 atque
1153 584 1262 626 haec
1289 585 1357 626 lex
1383 585 1428 626 in
1451 584 1605 627 desue-

315 676 510 718 tudinem
535 675 734 725 abiisset,
770 675 821 717 L.
854 675 1039 716 Μανίας
1064 680 1106 716 et
1128 675 1182 716 M.
1201 673 1309 716 Cato
1327 673 1489 716 tribuni
1510 674 1605 730 ple-

315 765 382 807 his
416 779 574 807 novam
615 765 754 821 legem
794 763 938 806 tulisse
971 770 1228 814 narrantur,
1261 777 1378 820 quae
1408 762 1604 819 Impera-

315 854 481 896 tor-ibus
507 867 695 910 poenam
719 853 980 902 minaretur,
1014 853 1091 909 qui
1118 858 1193 894 aut
1220 851 1407 894 hostium
1434 827 1604 895 occiso-

318 958 413 985 rum
437 943 483 984 in
506 943 696 999 proelio,
722 948 797 984 aut
821 942 1071 983 amissorum
1093 942 1251 985 civium
1276 942 1430 983 falsum
1453 955 1607 983 nume-

316 1049 412 1077 rum
448 1033 580 1074 literis
610 1031 777 1074 senatui
807 1030 899 1072 ausi
931 1037 1068 1072 essent
1104 1030 1289 1080 referre,
1323 1037 1457 1087 atque
1478 1031 1604 1072 simul

310 1123 551 1181 juberetur,
569 1123 910 1177 Imperatores,
926 1122 1236 1176 cumprimum
1257 1120 1413 1163 Urbem
1428 1122 1607 1163 intras-

315 1218 441 1262 sent,
457 1211 588 1269 apud
596 1215 870 1267 quaestores
885 1210 1089 1252 urbanos
1093 1225 1119 1265 y
1128 1223 1269 1251 urare
1284 1209 1465 1259 debere,
1484 1210 1541 1252 de
1554 1224 1608 1251 α-

316 1309 482 1360 troque
502 1314 691 1343 numero
710 1306 816 1342 vere
831 1299 888 1341 αό
903 1301 1022 1355 ipsis
1037 1298 1240 1341 Senatui
1250 1312 1352 1340 esse
1366 1299 1604 1355 scriptum.

373 1480 479 1522 Tum
521 1478 641 1534 apud
680 1475 944 1520 Ciceronem
980 1475 1135 1518 diversi
1165 1475 1315 1517 Marii
1338 1489 1605 1518 commemo·
1671 1491 1677 1498 ·

315 1576 488 1612 rantur:
520 1567 598 1625 qui
627 1581 731 1610 vero
755 1581 812 1608 an
833 1566 947 1608 inter
968 1579 1012 1606 se
1031 1564 1359 1621 propinquitate
1375 1564 1604 1622 conjuncti

315 1659 501 1709 fuerint,
539 1656 642 1700 satis
674 1656 794 1699 certa
820 1655 909 1697 fide
934 1654 1139 1696 affirmari
1161 1667 1252 1696 non
1278 1660 1436 1710 potest.
1497 1654 1606 1695 Fue-

315 1755 417 1792 runt
443 1753 587 1790 autem
616 1745 687 1787 hi:

942 1861 985 1902 4.

683 1984 856 2025 Lucius
887 1983 1073 2025 Μανίας
1105 1982 1157 2023 L.
1191 1983 1242 2024 F.

376 2108 459 2151 Hic
498 2105 660 2148 dicitur
697 2103 925 2152 sallustio,
969 2081 1045 2158 qui'
1084 2100 1229 2143 Bibuli
1264 2099 1540 2142 Proconsulis
1563 2101 1608 2143 in

323 2197 449 2255 Syria
476 2201 684 2253 quaestor
713 2192 875 2242 fuerat,
909 2191 961 2233 A.
993 2191 1046 2233 U.
1077 2189 1124 2233 C.
1158 2189 1245 2233 703
1259 2189 1509 2231 successisse
1526 2189 1607 2246 (1).

321 2288 466 2344 Atqu'e
494 2283 733 2328 secundum
762 2280 986 2338 Pz'ghz'um
1017 2278 1079 2336 (2)
1112 2277 1184 2320 hic
1207 2278 1259 2321 L.
1282 2279 1467 2320 Μανίας
1489 2279 1607 2321 idem

325 2382 386 2419 est
402 2382 535 2432 atque
558 2373 592 2415 is
603 2405 613 2424 ,
631 2373 687 2414 de
699 2383 790 2428 quo
804 2368 1000 2426 loquitur
1014 2366 1246 2410 Asconius
1262 2368 1504 2410 Pedianus
1523 2367 1607 2427 (3).

359 2546 412 2589 (1)
436 2545 506 2579 Cio.
533 2545 574 2577 ad
597 2545 726 2577 nivers.
750 2541 822 2575 Lib.
847 2539 896 2573 11.
920 2538 1026 2582 Epist.
1054 2537 1108 2571 17.

361 2606 413 2649 (2)
436 2605 546 2647 Pighii
566 2605 686 2638 Annal.
709 2603 752 2637 ad
774 2603 815 2635 A.
839 2601 880 2634 U.
906 2600 943 2633 C.
970 2598 1049 2632 703.

363 2667 416 2710 (3)
440 2667 561 2699 Ascon.
589 2664 729 2697 Pedian.
755 2663 789 2695 in
809 2662 900 2694 Orat.
926 2660 995 2692 Cic.
1020 2669 1080 2702 pro
1107 2658 1228 2692 scauro
1251 2668 1285 2702 p.
1313 2669 1357 2693 m.
1387 2659 1463 2693 132.
