1872 3106
875 255 925 295 21

254 413 540 472 cupiditatem
576 410 773 455 nondum
811 407 947 452 caede
976 412 1041 450 tot
1069 404 1227 449 civium
1254 402 1433 453 satiatus
1469 415 1535 444 es-

252 510 340 555 set,
381 510 527 545 tamen
551 501 610 544 ob
637 500 835 558 corporis
858 497 1202 541 imbecillitatem
1230 492 1409 538 ulterius
1431 503 1538 548 pro-

251 592 375 650 gredi
411 604 499 634 non
524 589 682 648 potuit.
743 590 887 644 Quum
913 586 1028 631 enim
1050 584 1314 630 vinolentiae
1340 596 1385 625 se
1412 579 1538 623 dedi-

256 682 411 732 disset,
455 680 502 722 in
525 678 724 722 morbum
747 677 927 728 incidit,
960 682 1003 719 et
1029 675 1075 718 in
1095 674 1282 732 septimo
1308 671 1540 716 consulatu

254 783 334 813 suo
363 769 477 812 diem
506 781 752 825 supremum
782 766 891 810 obiit
923 766 1007 824 (1).

314 858 460 915 Atque
493 856 566 900 hic
601 857 682 898 ruit
705 856 842 899 exitus
867 855 981 898 illius
1009 854 1114 905 viri,
1147 853 1225 910 qui
1249 851 1414 909 optime
1439 849 1540 908 qui·

261 947 356 991 dem
382 947 439 989 de
465 945 712 1002 Republica
735 944 911 995 meruit,
943 944 1020 986 sed
1043 941 1272 1000 postremis
1296 941 1411 984 vitae
1439 953 1543 983 suae

260 1036 383 1079 annis
405 1035 566 1077 samam
582 1034 886 1077 crudelissimis
899 1031 1169 1077 facinoribus
1182 1029 1542 1080 commaculavit,

260 1127 319 1170 ita
344 1133 392 1169 ut
419 1125 634 1169 verissime
657 1125 713 1167 de
742 1138 795 1167 eo
820 1125 981 1167 Livius
1008 1122 1072 1180 (2)
1106 1122 1284 1164 dixerit:

320 1217 408 1259 ‚Si
426 1216 754 1258 examinentur
777 1213 825 1257 C.
851 1226 980 1256 mum
1006 1228 1106 1255 cum
1129 1211 1381 1254 virtutibus·
1397 1211 1514 1252 vitia
1532 1239 1544 1259 ‚

261 1304 425 1349 »haud
441 1304 598 1362 facile
636 1308 698 1347 sit
734 1304 887 1355 dictu,
936 1309 1091 1346 utrum
1124 1302 1240 1344 bello
1264 1299 1450 1350 melior,
1484 1314 1550 1342 an

261 1415 279 1438 ι
285 1410 407 1453 pace
415 1397 731 1453 perniciosior
729 1392 908 1451 fuerit:
926 1393 1057 1443 adeo,
1073 1407 1211 1451 quam
1225 1391 1551 1449 rempublicam

260 1490 501 1528 »armatae
533 1487 762 1534 servavit,
796 1498 895 1526 eam
917 1485 1072 1541 primo
1100 1488 1290 1540 toqatus
1322 1483 1450 1524 omni
1469 1495 1552 1538 ge-

264 1596 282 1617 »
298 1590 408 1619 nere
410 1574 612 1632 fraudis
626 1604 638 1625 ‚
650 1578 884 1632 postremo
900 1574 1045 1615 armis
1060 1571 1296 1614 hostiliter
1310 1570 1521 1614 evertit.”

324 1665 495 1708 Mortuo
536 1664 588 1708 C.
631 1664 784 1706 Mario
819 1668 970 1719 patre,
1005 1661 1149 1718 Syllae
1181 1675 1281 1704 cum
1310 1661 1404 1705 filio
1429 1661 1549 1718 ejus,

274 1754 325 1799 C.
356 1753 536 1807 Mar-iol,
567 1751 790 1808 negotium
820 1751 916 1794 ruit.

307 1956 361 1998 (1)
384 1954 475 1988 Plut-
500 1954 533 1986 in
553 1954 656 1986 lario
677 1964 711 1997 p.
736 1952 814 1986 ⁴32.
841 1954 878 1986 Ι).
907 1955 941 1987 2.
971 1955 1003 1986 F.

308 2011 361 2058 (2)
386 2015 453 2048 [ir.
476 2015 564 2058 ipit.
591 2013 661 2049 Lib.
686 2014 809 2048 un.
