1872 3106
987 233 1045 275 64

371 398 558 433 terarum
583 388 885 431 humaniorum
915 387 1057 430 studia
1074 385 1131 428 ad
1147 385 1337 428 animum
1354 384 1447 441 ejus
1460 384 1648 427 forman-

370 480 474 523 dum
491 511 502 531 ,
536 480 596 522 ad
621 492 761 522 mores
785 477 1091 527 emolliendus,
1123 474 1240 519 etad
1260 474 1540 517 humanitatis
1555 488 1654 518 sen-

367 585 461 614 sum
486 569 766 613 excitandum
790 568 910 611 haud
933 569 1117 610 multum
1147 565 1399 616 contulisse,
1431 578 1562 622 supra
1586 566 1650 624 (1)

365 660 462 717 jam
506 658 694 701 ostendi.
764 657 994 700 Praeterea
1033 655 1192 698 adsunt
1229 661 1422 699 veterum
1457 653 1656 711 Scripto-

367 763 464 792 rum
485 747 551 807 (2)
579 747 844 799 testimonia,
877 761 902 790 e
928 746 1087 804 quibus
1111 745 1287 788 abunde
1311 750 1504 795 constat,
1519 743 1658 786 filium

368 852 510 896 aeque
537 838 760 882 crudelem
789 851 843 880 ac
867 835 1239 894 sanguinolentam
1264 834 1392 876 fuisse
1419 839 1553 890 atque
1576 845 1659 889 pa·

367 934 492 971 trem.
553 928 707 971 Nonne
732 927 846 970 enim
863 926 988 983 jussu
1014 926 1151 976 illius,
1183 924 1469 981 Damasippus
1480 928 1659 987 praetor

366 1024 587 1061 senatores
624 1016 794 1060 Romae
829 1016 875 1058 in
899 1015 1065 1059 curiam
1090 1014 1215 1072 quasi
1241 1013 1301 1056 ad
1327 1011 1659 1054 deliberandum

368 1106 425 1150 de
470 1106 719 1164 Republica
759 1111 1029 1149 convocatos
1066 1101 1320 1145 interfecit?
1389 1100 1545 1143 Nonne
1578 1099 1661 1142 isto

367 1196 536 1240 nefario
573 1196 734 1239 scelere
769 1195 904 1239 vitam
931 1193 1165 1235 amiserunt
1189 1191 1238 1235 C.
1268 1190 1467 1247 Papirius
1491 1188 1657 1239 Carbo,

365 1285 414 1328 P.
461 1285 694 1335 Antistius.
739 1284 789 1327 L.
832 1283 1069 1337 Domitius,
1113 1282 1168 1336 Q.
1210 1279 1376 1324 Mucius
1416 1278 1654 1328 Scaevola,

362 1374 562 1432 pontifex
598 1374 831 1424 maximus,
880 1387 1012 1429 quem
1054 1371 1213 1415 Cicero
1257 1368 1322 1426 (3)
1355 1373 1539 1410 testatur
1564 1379 1659 1408 ma-

363 1465 492 1508 luisse
532 1470 716 1506 mortem
746 1462 915 1513 subire,
949 1476 1088 1519 quam
1118 1464 1351 1502 armatum
1383 1457 1452 1500 ad
1465 1458 1664 1515 patriae

366 1556 548 1598 moenia
585 1553 802 1596 accedere
820 1550 844 1593 2
905 1549 1022 1604 Quid
1048 1548 1210 1605 plura?
1258 1534 1320 1588 vIn
1351 1545 1538 1588 ducibus
1562 1545 1658 1588 fac-

362 1644 533 1688 tionum
580 1640 884 1684 Romanarum
928 1651 1097 1694 semper
1133 1636 1316 1678 multam
1354 1635 1659 1678 crudelitatem

364 1733 521 1787 fuisse,
555 1729 733 1774 historia
759 1742 839 1774 nos
864 1728 1012 1770 docet.
1073 1724 1288 1776 Gracchi,
1321 1726 1507 1767 Marias
1534 1729 1661 1780 pater

366 1829 410 1866 et
449 1822 568 1881 Sylla
607 1819 734 1864 nobis
773 1802 1116 1860 manifestissima
1158 1813 1403 1857 testimonia
1431 1812 1663 1869 praebent.

365 1913 420 1956 Et
441 1910 641 1970 quamvis
666 1909 871 1952 Mariam
889 1912 1058 1963 patrem
1081 1904 1140 1947 ob
1161 1904 1415 1946 meritorum
1430 1902 1659 1946 conscien-

367 2004 474 2047 tiam
501 2008 544 2044 et
567 2000 699 2057 plane
721 1997 952 2041 militarem
977 1994 1284 2038 educationem
1307 1993 1504 2037 nonnihil
1527 2007 1660 2037 excu-

488 2275 592 2310 lustrs
626 2281 702 2315 cap.
735 2264 872 2301 LXXV.
903 2265 1031 2309 Operae
1055 2262 1202 2307 pretium
1223 2263 1276 2295 eat
1295 2261 1337 2295 de
1357 2263 1423 2296 hoe
1449 2263 1561 2307 Syllae
1582 2274 1664 2308 cog-

489 2334 626 2367 nomine
662 2329 816 2363 conferre
841 2335 927 2369 quae
949 2323 1133 2368 disputavit
1157 2322 1332 2356 Salmasius
1353 2324 1387 2355 in
1410 2324 1544 2357 Exercit
1563 2325 1639 2359 Ptin
1653 2338 1664 2359 ε

490 2405 525 2438 p.
549 2394 607 2427 39.
633 2391 670 2423 b.
695 2391 735 2423 B.

407 2456 460 2499 (l)
482 2455 524 2487 In
550 2453 572 2497 5
594 2453 631 2487 3.

410 2516 462 2560 (2)
486 2515 578 2548 Plut.
603 2513 639 2545 in
660 2509 761 2544 Mario
786 2518 825 2553 pi
847 2507 927 2540 433.
952 2507 989 2540 C.
1005 2528 1015 2546 ,
1040 2504 1128 2539 Vell.
1155 2505 1288 2539 Patere.
1313 2504 1383 2538 lib.
1409 2505 1457 2538 11.
1483 2516 1557 2549 cap.
1585 2503 1644 2539 26.

409 2576 463 2619 (3)
486 2575 602 2608 Cicero
640 2572 747 2614 Epist.
775 2569 817 2604 ad
840 2568 945 2603 Attio.
973 2566 1045 2601 Lib.
1071 2566 1167 2601 vlu.
1194 2566 1297 2609 Epist.
1320 2566 1367 2606 3,
1394 2565 1434 2598 de
1461 2566 1537 2601 Nat.
1562 2566 1661 2599 Deor.

491 2635 527 2667 1..
552 2634 618 2667 111.
638 2644 669 2667 c.
691 2631 747 2664 32.
