1872 3106
1009 257 1066 298 30

444 413 698 464 Patervero
724 412 830 462 fuit,
862 417 910 452 ut
942 410 1142 460 Velleius
1172 409 1453 453 paterculus
1471 409 1536 468 (1)
1563 410 1671 456 dicit

387 510 515 547 natus
544 504 755 561 equestri
779 502 907 544 loco:
942 507 987 543 at
1014 513 1118 544 vero
1149 499 1388 543 secundum
1419 513 1566 543 omnes
1602 515 1672 544 re-

384 594 529 650 liquos
549 592 791 648 Scriptores
812 592 1002 634 obscuro
1026 591 1140 634 loeo.
1201 590 1373 632 Minime
1391 589 1525 646 igitur
1546 588 1674 632 dubi-

386 682 568 724 tandum
595 689 681 735 est,
714 682 821 738 quin
843 682 888 724 in
907 680 1048 724 verbis
1070 679 1233 736 Vellejz'
1244 679 1394 723 vitium
1410 678 1534 729 insit,
1549 691 1677 735 prae-

385 772 530 814 sertim
571 785 707 828 quum
744 771 860 813 idem
891 769 1081 826 scriptor
1111 769 1199 812 alio
1227 770 1329 812 loco
1363 768 1430 827 (2)
1474 769 1676 813 Mai-etam

384 866 579 921 ignotae
606 865 808 919 orzgz'm's
835 860 1053 903 hominem
1082 860 1286 916 appellet.
1346 860 1459 903 Hinc
1472 873 1555 917 pro
1570 872 1679 905 voce

382 955 593 1010 equestri
615 953 687 994 alii
719 952 976 1007 interpretes
998 950 1128 992 aliam
1157 963 1320 1006 ponere
1341 951 1570 993 voluerunt
1590 949 1676 1008 (3).

380 1042 571 1084 Patriam
597 1055 700 1086 vero
728 1040 880 1083 habuit
895 1040 1128 1096 Arpinum,
1163 1040 1421 1085 Volscorum
1441 1040 1676 1096 oppidum,

381 1133 500 1175 unde
527 1132 640 1188 ipse,
673 1137 721 1173 ut
746 1136 788 1172 et
814 1129 989 1180 Cicero,
1023 1129 1279 1186 Arpinates
1307 1135 1536 1172 vocantur.
1581 1129 1678 1171 Fuit

381 1229 573 1266 ceterum
589 1221 721 1262 homo
735 1203 895 1269 noruS,
918 1232 1049 1276 quem
1074 1225 1122 1261 ut
1141 1220 1318 1263 Seneca
1332 1217 1396 1278 (4)
1417 1219 1501 1270 ait,
1518 1220 1679 1278 caliga

381 1313 585 1362 elz'mz'sz't,
621 1310 668 1353 id
699 1316 785 1360 est,
819 1310 896 1367 qui
922 1309 1047 1352 desiit
1076 1323 1164 1351 esse
1189 1309 1310 1351 miles
1333 1308 1579 1365 gregarius,
1609 1314 1676 1350 at-

382 1416 470 1458 que
502 1400 661 1442 virtute
693 1399 852 1442 bellica
875 1413 927 1441 ex
945 1398 1104 1440 infimo
1135 1399 1288 1440 ordine
1316 1398 1374 1440 ad
1397 1411 1586 1440 summos
1608 1398 1677 1440 in·

376 1489 603 1546 republica
648 1488 839 1531 honores
873 1488 1083 1543 pervenit.
1144 1487 1373 1530 Praeterea
1400 1487 1455 1530 de
1475 1487 1562 1531 hoc
1581 1487 1678 1545 ipso

377 1585 504 1635 patre
531 1578 687 1620 Mario
711 1576 821 1619 haec
845 1577 1004 1619 cecinit
1030 1578 1281 1620 Juvenalz's
1309 1577 1391 1635 (5)ἓ

426 1698 588 1748 Arpinas
609 1696 703 1734 alius
728 1695 941 1734 Volscorum
963 1696 1004 1731 in
1028 1701 1141 1733 monte
1164 1695 1292 1733 solebat

427 1771 578 1805 Poscere
599 1767 772 1803 mercedes
789 1765 906 1802 alieno
926 1765 1043 1805 lassus
1063 1770 1209 1812 aratro,

423 2002 477 2044 (l)
499 2000 574 2034 Vel.
601 2001 735 2033 Patere.
761 1997 833 2029 Lib.
858 1996 893 2028 11
916 1996 996 2038 Cap.
1026 1995 1078 2028 ll.

418 2064 470 2106 (2)
493 2061 582 2094 Vell.
608 2061 741 2092 Patere.
767 2058 838 2089 Lib.
864 2057 911 2089 ΙΙ.
937 2057 1018 2098 Cap.
1047 2054 1123 2087 128.

419 2124 471 2167 (3)
496 2119 675 2154 Boeolerus
713 2119 824 2160 legere
856 2116 987 2155 voluit,
1027 2119 1136 2147 natus
1158 2114 1292 2156 cyresu'
1315 2113 1414 2146 loeo.-
1438 2111 1591 2145 Heinsius
1613 2122 1677 2145 ru—

500 2181 610 2216 restro·
625 2203 635 2220 ,
661 2179 751 2221 quod
765 2177 906 2210 Marcus
919 2176 989 2208 ruri
1006 2174 1227 2207 mercenarius
1246 2173 1369 2205 suerit:
1394 2172 1531 2214 Pighius
1551 2173 1587 2204 in
1603 2173 1674 2205 An-

497 2243 567 2275 nal.
602 2240 647 2273 ad
681 2240 723 2273 A.
748 2240 791 2274 Π.
816 2239 852 2269 C.
876 2237 942 2268 629
965 2238 1063 2279 putat
1089 2233 1266 2276 legendum
1294 2242 1364 2265 esse
1393 2233 1552 2266 silvestri
1574 2233 1675 2267 loeo.-

495 2303 646 2336 Wassius
683 2298 911 2344 quaestuaria
941 2297 1017 2329 loeo
1042 2296 1067 2328 i.
1091 2306 1125 2330 e.
1149 2303 1189 2325 ex
1214 2292 1347 2325 officina
1372 2294 1522 2327 ferraria.
1572 2294 1677 2327 Beni-

499 2375 567 2406 que
590 2363 673 2396 dicit
686 2359 906 2403 Ruhnkenius
920 2382 930 2399 ‚
952 2358 1012 2390 sed
1024 2379 1034 2396 ,
1061 2356 1150 2399 quid
1170 2354 1319 2397 Vellejus
1342 2355 1551 2397 scripserit,
1576 2365 1678 2388 nemo

503 2435 598 2457 unus
622 2424 787 2456 divinare
807 2420 940 2464 potuit.
982 2418 1066 2460 Lege
1088 2420 1197 2448 natus
1219 2420 1372 2448 extremo
1392 2415 1480 2449 loco.·
1526 2415 1679 2448 Scribere

501 2486 601 2518 etiam
627 2484 777 2526 Vellejus
800 2480 913 2525 potuit
938 2483 1047 2511 natus
1070 2477 1220 2520 ignobili
1245 2476 1340 2508 loco.-
1364 2475 1455 2517 quod
1469 2498 1479 2516 ,
1507 2476 1536 2509 si
1559 2476 1676 2509 litera-

500 2556 574 2577 rum
593 2545 715 2576 ductus
738 2544 948 2586 spectemus,
975 2539 1128 2582 proprius
1151 2538 1192 2571 ad
1214 2537 1368 2580 equestri
1390 2536 1534 2571 accedit.

420 2605 475 2651 (4)
496 2607 622 2638 Seneca
642 2605 683 2637 de
705 2603 831 2636 Brevit.
854 2602 943 2634 vitae
967 2611 999 2634 o.
1029 2599 1083 2632 17.

418 2667 472 2711 (5)
494 2665 648 2699 Juvenal.
675 2665 782 2704 Satyr.
806 2662 901 2696 VIII.
928 2671 974 2694 vs.
1001 2659 1068 2693 245
1091 2669 1141 2700 sq.
