1872 3106
878 210 928 252 17

248 369 296 404 ut
321 361 445 404 alteri
469 362 627 404 alteros
647 374 736 404 non
760 367 927 405 tantum
963 361 1120 419 quovis
1159 360 1293 404 modo
1332 360 1503 405 vincere
1518 394 1529 414 ,

245 450 323 493 sed
351 451 489 495 victos
514 451 644 494 etiam
667 450 914 494 interficere
937 451 1121 502 vellent,
1155 457 1289 508 atque
1308 449 1538 494 Romano-

246 554 341 583 rum
367 541 499 592 socii,
532 540 591 583 ob
614 541 868 598 promissam
893 554 1044 598 saepe,
1069 541 1147 584 sed
1162 541 1358 584 nondum
1374 555 1536 599 accep-

247 637 336 672 tam
371 630 590 674 civitatem
628 629 748 674 haud
787 631 899 674 bene
934 631 1138 683 animati,
1182 645 1272 675 sese
1307 631 1537 675 discordiis

245 719 443 762 civilibus
456 720 761 764 immiscerent.
805 720 929 775 Quae
943 720 1123 778 publica
1139 721 1366 764 calamitas
1379 720 1535 764 sensim

243 808 372 851 latius
407 822 579 866 serpere
614 810 787 866 coepit,
816 824 961 867 neque
989 825 1033 853 se
1059 811 1245 867 amplius
1268 811 1383 853 intra
1409 810 1536 853 Urbis

241 898 466 953 pomoeria
491 898 732 949 continuit,
765 898 841 941 sed
865 913 966 942 mox
981 906 1206 957 tamquam
1226 899 1405 942 morbus
1424 913 1534 942 con-

245 985 435 1043 tagiosus
465 992 602 1029 totam
633 986 807 1031 Italiam
837 989 1041 1045 pervasit.

294 1075 537 1118 Interfecto
581 1077 694 1119 enim
731 1075 791 1121 Μ.
837 1078 969 1122 Livio
1000 1080 1187 1131 Druso,
1221 1078 1398 1122 tribuno
1435 1078 1530 1135 ple·

238 1165 325 1216 bis,
360 1164 411 1209 A.
425 1165 476 1209 U.
494 1165 542 1209 C.
574 1167 684 1218 662,
718 1168 818 1225 qui,
843 1168 974 1211 variis
1001 1168 1168 1226 legibus
1190 1169 1305 1219 latis,
1341 1181 1532 1212 concor-

237 1255 355 1297 diam
381 1255 495 1298 inter
517 1255 730 1299 factiones
753 1257 977 1300 restituere
992 1258 1239 1308 studuerat,
1256 1257 1413 1299 exarsit
1429 1263 1530 1299 tan-

233 1345 333 1388 dem
356 1344 519 1387 bellum
545 1346 730 1389 Sociale
745 1375 757 1396 ,
783 1345 950 1389 summa
973 1346 1207 1388 atrocitate
1228 1352 1416 1403 gestum,
1447 1360 1527 1388 cu-

226 1434 390 1492 J'usque
433 1433 505 1478 hic
542 1436 680 1478 exitus
722 1435 828 1486 ruit,
861 1441 910 1478 ut
938 1435 1058 1478 Socii
1088 1442 1315 1491 compotes
1344 1435 1434 1478 voti
1460 1436 1526 1477 sui

228 1522 398 1566 fierent.
458 1524 511 1567 Et
549 1531 643 1567 erat
681 1538 832 1568 eorum
874 1538 1007 1568 causa
1040 1539 1144 1568 sane
1161 1524 1395 1582 justissima
1432 1523 1516 1582 (l).

230 1611 449 1657 Petierunt
490 1614 603 1656 enim
645 1614 764 1657 Socii
796 1615 871 1672 jus
899 1615 1013 1657 illius
1034 1614 1222 1657 civitatis
1240 1646 1251 1665 ,
1281 1628 1414 1671 quam
1434 1629 1527 1672 per

235 1717 391 1746 omnes
422 1717 598 1754 annos,
623 1709 765 1761 atque
783 1706 937 1747 omnia
956 1704 1100 1756 bella,
1123 1705 1303 1762 duplici
1327 1705 1527 1747 militum

231 1798 276 1835 et
314 1794 519 1850 equitum
564 1806 754 1835 numero
792 1793 889 1834 tuiti
915 1792 1111 1834 fuerant:
1143 1805 1350 1850 quaeque
1376 1793 1529 1837 civitas

225 1897 318 1940 per
341 1897 419 1925 eos
449 1885 499 1924 in
523 1880 574 1924 id
597 1884 750 1939 ipsum
767 1879 1030 1939 fastigium
1050 1888 1331 1938 pervenerat,
1365 1883 1410 1925 in
1433 1896 1525 1940 quo

224 1970 320 2027 jam
360 1972 490 2028 positi
534 1971 724 2014 Romani
767 1970 972 2014 homines
998 1971 1206 2028 ejusdem
1232 1977 1277 2014 et
1293 1974 1454 2029 gentis
1482 1978 1528 2016 et

230 2063 485 2118 sanguinis
502 2067 554 2103 ut
571 2067 789 2103 externos
803 2061 1076 2119 alienosque
1091 2059 1430 2103 contemnebant
1443 2060 1527 2118 (2).

295 2148 436 2190 Finito
464 2148 647 2190 Sociali
670 2144 787 2189 bello
804 2177 814 2197 ,
849 2146 1039 2189 Romani
1067 2146 1187 2188 atiud
1209 2160 1357 2203 gerere
1384 2148 1530 2191 eoacti

227 2244 326 2280 sunt
361 2243 516 2279 contra
554 2233 898 2286 Mithridatem,
939 2235 1066 2278 Ponti
1111 2235 1298 2293 Regem,
1341 2236 1523 2295 ejusque

225 2327 542 2370 administratio
583 2326 819 2383 praecipua
861 2339 992 2368 causa
1041 2325 1148 2374 fuit,
1190 2331 1237 2367 ut
1275 2339 1326 2368 ex
1360 2327 1521 2370 invidia

266 2549 319 2591 (Ι)
343 2548 456 2582 Florus
477 2548 548 2582 Lib.
574 2548 638 2581 ttt.
664 2558 737 2590 cap.
769 2546 833 2587 18,
862 2547 957 2583 Oros.
984 2548 1054 2584 Lib.
1083 2548 1122 2583 V.
1152 2559 1226 2594 esp.
1257 2550 1308 2584 18.

266 2610 317 2650 (2)
344 2610 431 2644 Veli.
456 2611 587 2644 Patere.
618 2608 687 2642 tib.
716 2607 761 2641 11.
789 2618 864 2651 cap.
896 2609 950 2646 15,

1319 2688 1348 2729 2
