1872 3106
831 230 889 273 73

222 380 376 423 mentis
406 380 690 423 demonstrari
720 381 898 423 omnino
924 381 1098 438 nequit,
1131 387 1229 423 utra
1244 380 1397 423 harum
1413 391 1509 422 sen-

227 471 460 512 tentiarum
499 484 600 513 vera
638 470 706 513 sit.
766 470 944 514 Interim
969 476 1116 514 tamen
1141 470 1236 513 fieri
1261 476 1432 527 potest.
1464 475 1513 511 ut

225 561 526 616 investigemus
564 566 607 602 et
642 560 935 618 inquiramus,
969 567 1067 603 utra
1106 560 1279 602 illarum
1305 558 1512 603 verisimi-

223 652 307 693 lior
334 650 539 694 habenda
566 650 636 694 sit.

282 740 338 784 Ut
383 740 516 798 igitur
565 739 677 783 haec
717 740 941 798 inquisitio
986 746 1031 783 et
1069 746 1189 784 recte
1239 740 1511 790 instituatur,

228 837 271 873 et
310 830 368 872 ad
406 829 679 886 probabilem
710 830 870 872 exitum
898 830 1190 887 perducatur,
1225 829 1379 887 quoad
1401 830 1518 872 scili-

228 926 299 962 cet
336 919 430 977 ejus
455 919 548 961 fieri
573 925 741 975 potest:
775 917 894 961 haud
921 933 944 960 a
971 933 1019 962 re
1048 920 1263 974 alienum,
1292 934 1348 963 ne
1372 920 1518 962 dicam

227 1009 540 1060 necessarium,
584 1007 729 1058 duco,
776 1014 823 1051 ut
859 1008 979 1065 prius
1019 1023 1311 1066 exponamus,
1358 1008 1518 1066 quibus

228 1098 467 1141 honoribus
504 1096 577 1139 hic
618 1097 683 1140 M.
729 1098 915 1140 Marius·
949 1097 1261 1142 Gratidianus
1291 1100 1337 1142 in
1367 1098 1519 1156 Repu-

227 1188 344 1232 blica
369 1188 544 1230 functus
569 1187 642 1238 sit,
667 1193 710 1228 et
731 1186 891 1244 quibus
910 1188 1034 1231 annis
1053 1188 1245 1246 singulos
1265 1187 1519 1232 obtinuerit.

284 1334 339 1378 In
381 1334 466 1377 hac
508 1341 652 1378 autem
699 1337 1030 1392 computatione
1070 1350 1231 1394 sequar
1271 1336 1521 1395 Pighium‚

229 1424 307 1483 qui
331 1424 439 1467 dicit
468 1423 585 1467 hunc
612 1424 914 1468 Gratidianum
937 1431 1233 1483 quaestorem
1251 1427 1526 1483 provincia-

232 1515 318 1558 lem
345 1512 472 1556 fuisse
490 1514 541 1557 A.
559 1513 611 1557 U.
627 1513 676 1558 C.
691 1513 780 1558 656
798 1514 882 1571 (l):
912 1514 1149 1557 tribunum
1166 1515 1320 1572 plebis
1336 1516 1387 1559 A.
1405 1515 1457 1559 U.
1474 1514 1522 1558 C.

230 1603 313 1646 661
351 1603 449 1661 (2)=
481 1604 677 1647 aedilem
699 1604 853 1662 plebis
881 1605 933 1647 A.
966 1598 1098 1648 U.'c.
1139 1604 1228 1648 664
1262 1605 1355 1663 (3);
1383 1619 1525 1662 prae·

234 1700 378 1737 torem
398 1694 450 1736 A.
476 1693 528 1736 U.
548 1693 596 1736 C.
620 1693 709 1738 667
734 1693 799 1750 (4)
831 1701 874 1736 et
890 1695 1045 1737 iterum
1060 1701 1329 1752 praetorem
1341 1695 1393 1738 A.
1408 1695 1459 1739 U.
1476 1695 1525 1740 C.

233 1781 315 1827 671
354 1782 438 1840 (5).

287 1873 442 1915 Nonne
476 1885 528 1915 ex
568 1870 653 1914 hae
682 1885 908 1915 munerum
938 1872 1145 1930 deinceps
1170 1880 1389 1931 gestorum
1417 1874 1525 1917 serie

232 1965 331 2007 luce
373 1963 533 2006 clarius
560 1968 770 2020 apparet,
804 1960 922 2005 hune
952 1963 1016 2005 M.
1048 1963 1252 2006 Marium
1285 1962 1527 2007 Gratidia-

230 2069 340 2097 num
380 2052 602 2111 juniorem
648 2052 776 2095 fuisse
827 2053 876 2096 0.
922 2052 1076 2096 Mario
1116 2053 1271 2110 septies
1314 2055 1527 2099 consule?

273 2273 328 2319 (1)
349 2271 460 2315 visbii
487 2271 607 2306 Anu-1.
631 2270 672 2304 ed
699 2271 734 2305 h.
759 2282 791 2304 ι.

273 2333 328 2378 (2)
349 2333 461 2377 Pighii
486 2332 608 2368 Anu-1.
633 2332 675 2365 nd
700 2332 737 2365 h.
763 2342 797 2366 ι.

274 2392 327 2435 (3)
349 2391 461 2434 Pighii
482 2390 602 2424 Anu-l.
628 2390 670 2423 nd
695 2390 731 2425 h.
757 2401 790 2424 ι.

274 2450 329 2495 (⁴)
354 2452 465 2495 Pighii
487 2451 610 2486 Anu-1.
635 2451 677 2483 nd
697 2451 733 2484 h.
759 2461 791 2483 ι.

275 2511 331 2554 (5)
351 2511 462 2555 Pighii
497 2511 620 2546 Annsl.
655 2511 696 2544 nd
732 2511 768 2545 h.
795 2521 827 2545 ι.
865 2511 976 2555 Ipsum
998 2512 1049 2545 bis
1075 2514 1229 2556 praetura
1255 2514 1407 2549 sunctum
1435 2517 1535 2551 sui-oe

358 2571 482 2605 diserte
518 2574 662 2605 testatur
693 2572 817 2607 Ancon.
846 2572 994 2609 Pedion.
1021 2573 1061 2606 sd
1086 2574 1158 2609 Cic.
1183 2574 1239 2607 or.
1265 2574 1299 2607 iu
1322 2574 1409 2619 Toga
1432 2577 1535 2611 Cand-

360 2643 393 2676 ρ.
423 2643 465 2664 m.
494 2632 570 2667 no.
