1872 3106
912 205 964 248 19

285 358 491 402 ditiosum
523 357 744 401 tribunum
764 356 903 415 plebis
932 355 1133 399 Publium
1161 356 1403 414 Sulpicium
1432 357 1574 414 legem

281 448 383 492 ferri
414 453 612 499 curaret,
636 446 727 505 qua
750 445 894 505 Syllae
927 445 1158 503 imperium
1192 445 1313 488 istius
1343 444 1448 489 belli
1475 447 1574 490 adi-

282 544 472 581 meretur
492 537 578 594 (Ι).
615 537 713 591 Qua
732 537 827 594 lege
841 535 1030 594 perlata,
1047 535 1208 579 bellum
1225 535 1360 580 civile
1371 535 1574 580 exardes-

280 641 380 670 cere
398 627 559 684 coepit.
602 626 757 670 Statim
780 627 894 669 enim
909 626 1049 684 Sylla,
1066 625 1146 669 sibi
1171 626 1339 669 illatam
1366 624 1575 683 injuriam

282 729 428 774 aequo
464 715 610 758 animo
644 715 900 773 neutiquam
938 715 1104 766 ferens.
1136 729 1161 758 e
1194 715 1456 772 Campania,
1497 714 1574 758 ubi

279 821 381 850 eum
420 805 612 849 exercitu
655 812 748 847 erat
789 805 848 847 ad
893 804 1191 848 conficiendas
1228 806 1437 864 reliquias
1474 806 1580 850 belli

282 897 508 946 Socialis,
546 895 733 937 Romam
769 894 921 945 rediit,
955 894 1000 936 in
1024 894 1123 937 foro
1157 908 1257 939 eum
1285 897 1440 939 Mario
1466 910 1573 939 con-

278 986 409 1037 flixit,
453 985 590 1042 idque
626 998 680 1028 eo
721 997 921 1027 successu
958 998 1127 1034 rerum,
1169 991 1217 1027 ut
1253 985 1387 1042 ipsius
1409 986 1576 1030 inimici

278 1075 640 1120 disturbarentur.
674 1073 892 1130 Sulpicius
913 1073 1027 1116 enim
1042 1105 1054 1124 ,
1083 1083 1185 1117 cum
1197 1073 1243 1117 in
1258 1074 1453 1132 quadam
1467 1077 1571 1120 villa

278 1167 458 1216 lateret,
488 1164 655 1207 indicio
680 1163 790 1206 servi
818 1162 882 1205 sui
907 1169 1120 1206 retractus
1148 1170 1191 1206 et
1217 1164 1388 1207 occisus
1406 1172 1469 1208 est
1486 1165 1572 1224 (2).

278 1252 440 1306 Harii,
474 1260 600 1311 pater
623 1259 666 1295 et
693 1252 830 1302 filius,
862 1252 1069 1310 aufugere
1098 1254 1246 1296 coacti
1270 1261 1384 1297 sunt.
1443 1255 1574 1298 Pater

277 1351 320 1387 et
342 1343 458 1386 filius
480 1341 656 1385 diversis
671 1355 696 1383 a
708 1355 754 1384 se
767 1342 953 1385 invicem
968 1343 1193 1385 itineribus
1206 1343 1250 1385 in
1266 1343 1460 1387 Africam
1477 1351 1573 1387 ten-

276 1433 464 1484 debant,
489 1437 532 1474 et
558 1444 713 1488 parum
737 1430 914 1482 aberat.
948 1431 1057 1488 quin
1072 1432 1146 1475 ille
1168 1431 1224 1474 ab
1240 1432 1460 1489 equitibus
1474 1433 1573 1491 Syl-

278 1523 389 1566 lanis
414 1528 658 1579 caperetur.
718 1520 770 1564 In
796 1520 959 1577 palude
974 1521 1163 1564 Maricae
1181 1535 1320 1579 prope
1332 1522 1572 1566 Minturnas

279 1612 440 1662 latens,
472 1611 575 1653 inde
603 1616 823 1654 extractus
850 1610 965 1653 etad
981 1611 1238 1654 Duumviros
1252 1610 1471 1654 adductus
1484 1619 1566 1663 est,

279 1707 328 1743 ut
338 1700 487 1743 mortis
498 1700 758 1756 supplicium
771 1699 947 1749 subiret,
965 1699 1041 1741 sed
1056 1699 1189 1750 miles,
1205 1700 1285 1757 qui
1299 1714 1398 1743 eum
1410 1714 1570 1745 necare

280 1787 491 1838 debebat,
514 1801 623 1831 voce
637 1794 680 1830 et
695 1788 818 1830 vultu
833 1786 1084 1838 deterritus,
1102 1801 1193 1830 non
1207 1801 1334 1831 ausus
1348 1795 1424 1831 est.
1456 1790 1568 1834 Hinc

279 1877 378 1921 navi
402 1876 647 1934 impositus,
679 1876 822 1920 salvus
850 1876 1028 1933 quidem
1055 1876 1100 1919 in
1125 1876 1316 1920 Africam
1346 1880 1566 1935 pervenit,

278 1980 425 2009 verum
451 1965 512 2008 ibi
537 1977 627 2008 non
650 1965 728 2008 diu
751 1971 945 2008 moratus
969 1971 1031 2008 est
1063 1964 1148 2022 (3).

333 2054 583 2111 Composita
611 2053 694 2097 hac
724 2052 853 2096 turba
881 2067 935 2096 ac
959 2053 1200 2110 seditione,
1230 2055 1348 2112 Sylla
1384 2057 1443 2100 ad
1474 2056 1568 2101 bel-

312 2237 365 2279 (1)
388 2236 457 2271 Liv.
481 2235 568 2278 Epit.
595 2233 665 2268 Lib.
690 2233 856 2273 navit,
885 2234 978 2267 mut.
1003 2234 1037 2266 in
1067 2234 1167 2266 llario
1192 2245 1226 2278 p.
1252 2234 1331 2269 424.
1352 2236 1399 2274 Ε,
1425 2236 1460 2269 in
1484 2236 1575 2279 8511·

395 2307 429 2340 p.
455 2295 534 2328 ⁴56.
559 2295 609 2334 Ι),
633 2294 720 2328 Vett.
747 2295 879 2327 Patere.
903 2294 973 2327 Lib.
1001 2294 1048 2328 11.
1076 2305 1107 2326 ο.
1140 2295 1192 2327 18.

309 2355 363 2400 (2)
386 2356 455 2389 Liv.
488 2356 577 2399 Bpit.
602 2354 673 2389 Lib.
699 2354 866 2393 Lxxvn,
892 2355 964 2388 Cic.
987 2356 1031 2388 0r
1053 2354 1087 2387 in
1114 2355 1215 2387 Catil.
1241 2354 1305 2387 111.
1332 2365 1366 2388 e.
1392 2355 1456 2398 10,
1477 2356 1571 2391 Plut.

395 2416 429 2447 iu
462 2416 550 2458 ⁵511·
583 2426 617 2459 p.
651 2413 732 2447 4⁵7.
760 2415 805 2453 E.
836 2414 922 2447 ven.
947 2416 1067 2448 Patere
1091 2414 1161 2447 Lib.
1186 2415 1233 2447 11.
1256 2426 1288 2447 c.
1319 2415 1374 2450 19.

313 2474 366 2519 (8)
389 2475 456 2509 Liv-
482 2476 570 2519 Bpit.
594 2474 665 2508 1:11».
693 2474 862 2514 Lxxvu,
882 2474 953 2509 eie.
979 2477 1036 2508 0r.
1064 2486 1124 2518 pro
1152 2474 1191 2511 Ρ.
1215 2475 1327 2508 Sextio
1347 2486 1380 2511 ο.
1404 2476 1471 2517 22,
1495 2479 1572 2521 pont

394 2534 475 2569 nod.
513 2535 555 2568 ad
589 2535 682 2578 Quir.
714 2545 747 2568 ο.
777 2535 824 2574 8.
860 2535 952 2569 plut.
992 2537 1027 2568 iu
1061 2536 1162 2568 Ιιτίο
1187 2546 1220 2571 a.
1245 2547 1322 2580 pag.
1350 2535 1431 2572 ⁴27.
1458 2538 1503 2578 C,
1530 2537 1572 2570 ml

396 2604 469 2636 pag.
493 2593 559 2627 ⁴29
582 2596 631 2635 Ι),
656 2595 743 2629 Vell.
769 2596 900 2628 Patere.
928 2596 999 2631 tit».
1027 2596 1071 2629 ll.
1096 2608 1126 2629 ο.
1155 2597 1208 2629 19.

1356 2671 1419 2711 2⁸
