1872 3106
991 259 1048 300 88

374 409 452 463 μόν
485 409 728 464 ἐπῳκοδόμει
757 414 810 466 τῇ
836 415 965 467 πυρᾷ,
996 414 1065 454 καὶ
1093 415 1205 469 χεῖρα
1229 413 1487 470 θρασυτέρων
1502 414 1662 472 ἀνδρῶν

371 495 472 556 εἶχε,
506 500 576 541 καὶ
604 502 769 557 φοβερὸς
798 498 850 555 ἦν
882 503 960 544 azel
991 507 1073 552 τοῖς
1103 505 1335 556 σφαγεῦσιν.
1362 504 1410 545 id
1432 510 1509 546 est.
1541 505 1663 550 Erat

371 587 589 631 Amantius
627 591 843 646 quidam,
890 595 975 648 qui
1006 607 1054 635 se
1084 592 1226 648 falso
1254 595 1306 634 z‘n
1330 593 1480 636 Marii
1501 608 1665 637 nomen

373 678 667 729 inseruerat,
709 682 853 735 quasi
880 680 1076 736 majoris
1104 682 1256 723 Marz'z'
1276 696 1420 738 nepos
1433 697 1453 736 ,-
1481 685 1666 740 gratio-

376 779 460 806 sus
489 767 621 822 apud
634 767 815 823 plebem
843 769 896 810 οό
925 772 1076 826 ipsius
1102 771 1254 812 Maria·
1276 773 1551 813 memoriam.
1611 772 1669 813 Is

373 858 596 913 quoniam
631 857 720 901 hac
751 858 1050 902 simulatione
1078 860 1317 916 effecerat,
1351 867 1404 902 ut
1430 863 1668 903 videretur

379 944 582 987 Caesari
594 950 876 1004 cognatione
889 948 1194 1005 conjunctus,
1205 963 1326 1005 prae
1343 951 1508 992 ceteris
1525 964 1667 1008 aegre

362 1033 537 1089 ferens
563 1034 668 1091 ejus
705 1037 896 1087 obitum,
931 1051 1064 1080 aram
1092 1052 1142 1079 eo
1172 1038 1296 1088 loeo,
1329 1038 1412 1080 ‘aba'
1434 1045 1664 1083 crematus

374 1128 469 1173 est,
510 1126 705 1179 posuit:
753 1128 1053 1185 stipatusque
1089 1142 1229 1169 manu
1257 1126 1489 1170 hominum
1516 1130 1667 1172 auda-

375 1215 518 1264 cium,
553 1217 727 1255 terrori
748 1215 1013 1272 conjuratis
1029 1216 1151 1273 fuit.
1675 1199 1680 1204 ᾖ

437 1302 561 1355 Quae
596 1303 652 1345 de
684 1303 748 1346 his
774 1305 953 1363 Equarii
979 1307 1138 1349 medici
1165 1306 1300 1349 turbis
1324 1306 1454 1349 refert
1480 1307 1668 1351 Freins-

380 1392 556 1435 hemius
594 1393 640 1434 in
685 1393 838 1451 Suppl.
880 1395 938 1436 ad
978 1396 1158 1438 Livium
1196 1395 1316 1438 Tom.
1349 1396 1411 1441 VI
1447 1409 1550 1454 pag.
1583 1395 1662 1441 701

378 1481 493 1525 Edit.
523 1481 744 1524 Drakenb.
777 1484 956 1525 omnino
984 1483 1172 1526 conferri
1199 1491 1430 1526 merentur.

973 1691 995 1746 §
1031 1692 1075 1733 9.

808 1900 882 1947 Be
910 1901 1021 1943 alz'z‘s
1049 1902 1234 1944 Mariis.

440 2107 494 2149 In
532 2106 705 2163 scriptis
741 2106 946 2151 Veterum
984 2104 1109 2150 multi
1129 2109 1280 2151 Marz‘z'
1300 2123 1388 2153 sese
1412 2112 1538 2155 nobis
1564 2114 1671 2156 offe-

381 2202 508 2246 runt,
549 2209 736 2253 quorum
775 2195 848 2237 alii
875 2195 1050 2238 fuerunt
1079 2196 1330 2252 Arpinates,
1364 2200 1437 2242 alii
1463 2201 1667 2254 Sidicini,

385 2286 458 2327 alii
485 2285 730 2335 Valentini,
761 2284 833 2326 alii
863 2285 1044 2327 aliarum
1076 2287 1316 2343 regionum.
1362 2290 1470 2332 Nam
1494 2306 1585 2335 non
1600 2307 1671 2335 so-

382 2373 474 2418 lum
513 2376 557 2418 in
594 2374 744 2425 Italia,
789 2373 865 2416 sed
907 2373 1035 2415 etiam
1072 2381 1192 2417 extra
1229 2377 1366 2433 ipsam
1403 2387 1556 2435 erant,
1595 2383 1672 2439 qui

383 2466 535 2508 Marii
560 2463 858 2514 vocabantur,
891 2477 1035 2519 neque
1069 2471 1238 2508 tantum
1268 2467 1430 2511 liberae
1461 2470 1670 2527 reipubli-

385 2567 465 2596 cae
491 2553 782 2609 temporibus,
813 2566 960 2596 verum
992 2554 1122 2596 etiam
1149 2555 1228 2598 sub
1257 2556 1510 2601 Caesaribus
1537 2567 1579 2602 et
1603 2576 1671 2604 re-

387 2641 570 2686 centiori
601 2642 713 2684 adeo
741 2648 895 2685 aetate.
954 2643 1163 2688 Utrumne
1188 2646 1339 2689 Marii
1360 2647 1428 2690 isti
1453 2664 1588 2705 genus
1614 2650 1671 2692 ab
