1872 3106
980 223 1036 264 40

367 380 512 431 gestae
551 373 786 415 certissimo
811 374 936 416 nobis
961 375 1227 417 documento
1252 380 1351 416 sunt
1368 405 1379 424 ‚
1410 375 1646 418 Literni-um

369 463 511 505 studia
543 476 684 504 mores
720 462 813 520 ejus
849 477 937 505 non
977 463 1214 506 admodum
1253 462 1526 515 emollivisse,
1565 479 1647 508 nec

371 551 502 607 ipsius
528 551 718 594 animum
746 551 804 594 ad
829 551 1144 596 humanitatem
1169 551 1476 595 conformasse.

669 911 739 953 De
777 911 827 954 O.
859 911 1010 953 Marii
1033 911 1342 953 matrimonio.

428 1087 479 1130 C.
491 1087 694 1130 Marium
705 1101 881 1130 uxorem
895 1087 1093 1130 habuisse
1106 1088 1303 1130 novimus
1315 1102 1364 1129 ex
1376 1088 1651 1132 Plutarcho.

363 1178 508 1231 Quum
532 1178 646 1219 enim
669 1177 757 1220 una
786 1192 883 1219 oum
915 1183 1040 1233 patre
1065 1191 1143 1219 suo
1173 1191 1226 1219 ex
1250 1177 1365 1219 Urbe
1392 1177 1646 1235 aufugisset,

362 1281 496 1323 seque
529 1267 574 1309 in
609 1266 755 1309 villam
787 1266 916 1308 Mucii
943 1266 1216 1315 contulisset,
1251 1272 1297 1308 ut
1327 1265 1383 1308 ab
1412 1265 1499 1309 hoe
1529 1274 1649 1324 pete·

361 1362 428 1398 ret
451 1358 504 1399 τὰ
533 1355 738 1410 ἐπιτήδεια
759 1386 769 1405 ,
804 1369 926 1412 quae
951 1355 1016 1396 ad
1035 1357 1126 1397 z'ter
1137 1353 1415 1410 faciendum
1435 1371 1649 1400 neeessa-

361 1448 438 1488 rz‘a
466 1444 642 1501 forent
689 1443 754 1501 (1)
769 1460 789 1496 ;
833 1443 994 1485 dicitur
1032 1443 1200 1486 villicus
1239 1443 1368 1484 Mucii
1409 1445 1649 1500 appropin-

360 1539 547 1589 quantes
574 1533 740 1590 equites
762 1547 787 1575 e
812 1533 1054 1589 longinquo
1078 1532 1252 1582 vidisse,
1287 1546 1399 1589 quos
1420 1532 1537 1590 Sylla
1565 1548 1646 1577 un-

309 1613 320 1621 *
359 1621 494 1679 dique
520 1621 578 1663 ad
608 1620 753 1664 hostes
775 1621 1100 1678 persequendos
1128 1635 1179 1662 ex
1199 1621 1314 1663 Urbe
1329 1622 1527 1675 miserat,
1543 1623 1647 1666 Ma-

358 1713 479 1753 rium
491 1710 698 1768 juvenem
713 1712 910 1767 plaustro
925 1711 1174 1766 imposuisse
1185 1742 1196 1762 ,
1215 1711 1366 1754 sedulo
1383 1713 1644 1764 occultasse,

359 1800 527 1857 equites
561 1800 623 1841 nil
667 1799 759 1841 doli
800 1794 1356 1865 suspieantes'decepisse,
1389 1815 1497 1844 onus
1524 1817 1648 1846 suum

358 1888 404 1931 in
432 1888 592 1930 Urbem
619 1888 851 1940 invexisse,
887 1895 928 1930 et
958 1890 1018 1932 sic
1045 1890 1247 1933 Marium
1278 1894 1376 1948 πρὸς
1410 1895 1485 1947 τὴν
1514 1894 1647 1939 niutau

358 1983 430 2033 τῆς
459 1978 667 2031 γυναικὸς,
696 1978 763 2019 ad
786 1978 966 2019 domum
993 1981 1153 2021 uxoris
1179 1986 1534 2038 transportasse
1562 1983 1645 2040 (2).

417 2068 514 2109 Jam
554 2080 657 2110 vero
695 2081 832 2123 quum
865 2081 956 2109 non
994 2068 1094 2110 satis
1125 2069 1178 2110 sit
1204 2070 1313 2111 scire
1340 2071 1644 2113 tantummodo

365 2157 415 2200 0.
432 2157 636 2199 Marium
657 2168 834 2196 uxorem
858 2153 1075 2206 habuisse,
1102 2156 1178 2198 sed
1203 2170 1363 2212 operae
1386 2159 1516 2201 etiam
1542 2173 1642 2215 pre-

357 2246 465 2287 tium
503 2246 556 2287 sit
584 2258 674 2286 non
700 2244 927 2300 ignorare,
963 2257 1077 2301 quae
1104 2235 1178 2286 ilsa
1208 2245 1357 2297 fuerit,
1390 2249 1640 2303 praesertim

356 2348 492 2390 quum
518 2334 564 2376 in
587 2333 757 2390 scriptis
787 2333 991 2378 Veterum
1024 2348 1238 2391 nusquam
1265 2335 1357 2392 ejus
1379 2337 1637 2380 nominatim

395 2556 446 2599 (1)
472 2557 563 2588 Plut.
591 2557 623 2587 in
647 2555 749 2588 llario
771 2566 806 2598 p.
832 2554 910 2587 425.
935 2555 969 2585 F.

398 2616 448 2657 (2)
477 2616 567 2648 Plut.
596 2616 628 2646 in
652 2616 752 2647 Mario
771 2625 806 2657 p.
832 2613 909 2647 426.
935 2615 974 2646 A.
