1872 3106
843 247 900 288 33

284 399 472 442 Primum
499 399 742 456 exemplum
766 398 974 440 habemus
997 398 1042 440 in
1068 396 1307 448 Lucretia,
1338 397 1386 442 L.
1412 398 1516 441 Tar-

229 488 367 545 quinii
421 488 623 531 Collatini
677 488 894 545 conjuge,
950 501 1064 545 quae
1118 488 1237 530 domi
1271 494 1513 538 manserat,

226 578 386 621 marito
413 578 472 620 ad
495 577 681 621 Ardeam
704 578 943 632 militante,
966 577 1116 635 ibique
1138 578 1183 621 in
1206 578 1369 620 stativis
1395 591 1518 621 com-

229 674 427 710 morante
453 666 536 725 (Ι).
597 667 702 710 Tum
734 667 942 711 habemus
969 669 1212 725 exemplum
1237 669 1284 710 in
1313 667 1510 719 Porcia,

228 759 285 801 M.
322 757 497 801 Catonis
534 757 624 800 filia
641 788 653 808 ,
693 771 809 815 quae
835 771 934 799 cum
961 757 1162 799 maritum
1190 757 1371 799 Brutum
1398 755 1521 813 apud

228 845 453 903 Philippos
488 846 652 889 victum
690 853 733 888 et
772 847 1047 888 interemtum
1084 846 1380 903 cognovisset,
1414 845 1523 903 quia

226 935 388 978 ferrum
413 947 502 976 non
525 933 736 985 dabatur,
765 934 968 976 ardentes
990 948 1066 977 ore
1090 934 1304 977 carbones
1329 933 1519 977 hausisse

228 1022 481 1080 perhibetur
510 1023 593 1080 (2).
652 1022 748 1066 Alia
782 1023 978 1078 exempla
1005 1021 1215 1066 habemus
1243 1022 1363 1079 apud
1394 1022 1522 1066 Cice-

228 1127 403 1162 ronem,
435 1126 458 1154 e
484 1111 644 1169 quibus
668 1111 779 1154 haec
801 1112 995 1155 retulisse
1007 1112 1218 1156 sufficiat:
1245 1113 1520 1156 Postumiae

228 1200 320 1245 Ser.
359 1201 572 1258 Sulpicii,
599 1199 878 1243 Proconsulis
903 1201 949 1243 in
978 1200 1176 1258 Achaja,
1208 1202 1434 1259 conjugise
1467 1201 1524 1244 de

228 1290 318 1348 qua
346 1291 499 1334 Cicero
539 1290 627 1347 (3):
663 1290 749 1332 sed
771 1297 1026 1349 postquam
1059 1292 1226 1334 literas
1255 1298 1365 1335 tuas
1398 1292 1521 1350 legi,

236 1380 482 1422 Postumia
518 1385 603 1422 tua
642 1394 710 1422 me
749 1383 989 1431 convenit,
1034 1387 1079 1423 et
1117 1381 1310 1424 Servius
1347 1387 1523 1425 noster.

229 1469 314 1512 llis
352 1468 563 1526 placuit,
597 1474 650 1510 ut
678 1474 729 1510 tu
769 1471 820 1510 in
855 1468 1112 1512 Cumanum
1154 1470 1353 1512 venires.
1413 1469 1523 1512 Tum

232 1556 484 1609 Claudiae,
531 1557 657 1616 cujus
707 1557 887 1600 maritus
915 1557 970 1611 Q.
998 1557 1192 1600 Metellus
1227 1557 1409 1600 Galliam
1439 1571 1522 1615 pro

229 1647 413 1691 Consule
445 1646 648 1703 regebat:
680 1647 788 1689 dicit
818 1647 931 1689 enim
958 1646 1112 1690 Cicero
1142 1645 1232 1703 (4):
1295 1647 1398 1705 Egi
1420 1663 1522 1691 eum

232 1736 453 1786 Claudat,
477 1750 622 1778 uxore
647 1736 753 1786 tud,
782 1742 826 1777 et
850 1750 950 1779 cum
974 1737 1134 1779 vestra
1162 1750 1320 1779 sorore
1345 1737 1521 1780 Mum'd.

228 1825 367 1867 Porro
409 1825 464 1867 de
502 1837 637 1866 uxore
672 1824 729 1867 Μ.
769 1823 922 1866 Licinii
952 1823 1114 1875 Crassi,
1148 1825 1192 1866 in
1222 1824 1388 1880 Syriam
1417 1838 1522 1881 pro·

227 1915 331 1958 fecti
349 1946 360 1965 ,
401 1915 461 1957 ita
488 1914 637 1956 scribit
665 1912 818 1956 Cicero
848 1913 941 1969 (5):
1002 1913 1175 1971 Itaque
1201 1919 1246 1955 et
1264 1919 1521 1971 praestan-

228 2006 412 2046 tissima
443 2006 642 2045 omnium
652 2001 972 2059 seminarum,
1006 2018 1128 2046 uxor
1151 2007 1259 2055 tua,
1295 2010 1340 2046 et
1353 2004 1520 2047 eximia

219 2094 422 2150 pietate,
446 2094 639 2142 virtute,
661 2092 848 2149 gratia,
866 2094 941 2134 tui
955 2092 1137 2144 Crassi,
1157 2095 1268 2136 meis
1283 2095 1513 2144 consiliis,

228 2184 443 2232 monitis,
490 2181 663 2223 studiis
708 2180 1062 2239 actionibusque
1104 2183 1339 2225 nituntur.
1408 2182 1519 2225 Item

268 2405 322 2449 (1)
345 2406 426 2439 Livii
450 2406 521 2442 nb.
547 2407 575 2439 1.
600 2417 619 2439 ο
643 2406 688 2439 ⁶7
711 2409 746 2439 et
771 2407 827 2440 58.

270 2464 323 2508 (2)
345 2465 421 2500 vn.
446 2468 529 2499 lu.
553 2467 625 2502 ub.
651 2467 696 2499 lv
720 2478 752 2500 e.
776 2467 812 2501 6.
838 2466 872 2500 5.

271 2525 324 2567 (3)
348 2525 418 2558 elo.
441 2526 544 2569 api-t.
568 2526 610 2560 ad
632 2527 758 2561 niven.
785 2526 857 2561 Lib.
882 2526 941 2562 lv.
966 2529 1070 2572 Epi-t.
1095 2529 1131 2563 2.

270 2585 324 2628 (⁴)
348 2586 417 2619 Cio.
443 2587 546 2630 xpi-t.
571 2588 611 2620 ad
637 2589 762 2623 niven.
789 2588 860 2622 ub.
886 2589 927 2622 V.
954 2590 1057 2633 Epist.
1082 2590 1116 2622 2.

271 2645 324 2688 (ὅ)
347 2645 416 2679 cic.
444 2646 548 2690 spi-t.
575 2648 614 2680 ad
636 2649 760 2681 niven.
792 2648 860 2682 Lib.
888 2648 910 2682 Ι.
938 2650 1039 2693 Epi-t.
1065 2651 1100 2683 8.
