1872 3106
891 218 948 262 57

278 370 543 426 reportavit,
586 368 784 427 illudque
822 370 1034 426 oppidum
1075 384 1098 411 a
1139 370 1345 413 militibus
1383 376 1561 430 captum

280 459 410 516 diripi
434 471 584 516 passus
607 464 670 502 est
698 457 782 516 (1).

336 637 540 682 Attamen
563 638 682 696 Sylla
707 637 828 682 haud
853 638 929 682 diu
956 638 1127 682 Romae
1153 638 1381 690 remansit,
1414 638 1491 681 sed
1515 639 1562 681 in

278 728 493 771 Etruriam
526 728 658 779 abiit,
692 728 766 771 ubi
796 727 965 780 Carbo,
999 729 1194 785 acceptis
1221 727 1441 787 equitibus
1466 727 1565 772 Cel·

278 817 514 860 tiberorum
530 849 552 870 ,‚
574 831 753 876 magnas
777 819 929 875 copias
952 823 1247 862 contraxerat.
1285 817 1392 861 Cum
1416 823 1562 860 autem

285 906 329 948 hi
362 906 565 950 Celtiberi
606 920 808 964 magnam
838 914 1007 964 partem
1041 906 1101 949 ad
1126 906 1290 964 Syllam
1313 908 1564 964 transgressi

274 1001 435 1050 essent,
465 994 609 1039 Carbo
634 995 814 1038 istorum
843 995 1029 1052 perfidia
1059 994 1370 1047 exacerbatus,
1402 1003 1446 1039 et
1469 1010 1561 1040 me·

275 1091 420 1136 tuens,
464 1098 520 1127 ne
558 1084 716 1142 reliqui
755 1086 1000 1142 exemplum
1027 1085 1223 1142 priorum
1250 1092 1559 1143 sequerentut‚

274 1187 349 1216 eos
385 1173 445 1216 ad
482 1187 616 1216 unum
653 1187 803 1216 omnes
841 1173 1052 1217 trucidari
1073 1174 1217 1232 jussit.
1270 1174 1436 1218 Deinde
1463 1188 1564 1217 mox

275 1262 498 1305 oriebatur
525 1275 656 1319 grave
680 1263 896 1319 proelium
926 1263 1040 1306 inter
1063 1263 1228 1321 Syllam
1253 1270 1297 1307 et
1321 1263 1564 1308 Carbonem

272 1351 394 1409 apud
416 1351 605 1395 Clusium
618 1381 630 1402 ,
650 1357 693 1394 et
714 1350 772 1394 ab
793 1352 981 1410 utrAque
1002 1358 1128 1409 parte
1149 1359 1238 1396 tam
1257 1352 1428 1397 fortiter
1451 1366 1565 1410 pug-

270 1442 488 1493 nabatur,
533 1447 582 1484 ut
627 1446 781 1485 neutra
820 1441 936 1484 acies
974 1441 1230 1493 inclinaret,
1273 1442 1458 1485 victoria
1497 1442 1566 1484 in-

270 1536 391 1574 certa
429 1536 646 1586 maneret,
687 1538 730 1574 et
766 1531 859 1574 sola
894 1545 984 1574 nox
1019 1530 1152 1574 finem
1181 1531 1410 1588 pugnandi
1437 1530 1559 1574 face-

269 1625 335 1661 ret
371 1619 455 1677 (2).
515 1619 659 1663 Carbo
699 1620 872 1663 interim
908 1618 1017 1663 nihil
1053 1620 1192 1677 magis
1229 1634 1254 1662 e
1287 1634 1334 1663 re
1361 1620 1439 1664 sua
1470 1634 1560 1663 esse

271 1707 507 1758 arbitrans,
531 1721 665 1766 quam
691 1714 740 1751 ut
763 1708 968 1751 Marium
992 1707 1050 1750 ab
1076 1708 1306 1752 obsidione
1330 1709 1557 1761 liberaret,

270 1813 405 1842 unum
431 1812 456 1841 e
480 1797 666 1841 ducibus
698 1798 808 1849 suis,
840 1797 1077 1861 Marcium,
1108 1811 1211 1841 cum
1243 1805 1348 1841 octo
1375 1799 1559 1856 legioni·

270 1889 353 1932 bus
390 1889 620 1931 Praeneste
655 1886 870 1931 mittebat.
927 1887 1047 1942 Quas
1071 1887 1223 1945 copias
1248 1888 1483 1947 Pompejus
1507 1903 1560 1933 ex

270 1978 433 2022 insidiis
457 1977 637 2021 adortus
662 1977 709 2020 in
734 1976 882 2035 sugam
909 1975 1103 2035 conjecit
1130 1976 1214 2035 (3).

326 2156 445 2200 Haec
484 2168 589 2200 vero
627 2161 717 2198 tam
744 2154 908 2198 infelici
933 2168 1134 2198 successu
1158 2163 1359 2213 suscepta
1385 2155 1561 2214 expedi-

268 2245 331 2289 tio
356 2244 531 2297 Marcii,
560 2244 727 2287 animos
749 2243 1005 2288 Italicorum
1027 2243 1210 2295 ducum,
1234 2245 1288 2288 Μ.
1308 2244 1557 2303 Lamponii,

311 2497 366 2542 (1)
389 2499 531 2544 Appian.
554 2498 651 2533 Alex.
678 2494 765 2531 Bell.
790 2497 862 2531 Cir.
882 2496 955 2532 m».
977 2497 1008 2533 1.
1033 2507 1109 2541 cap.
1130 2497 1188 2531 88.

312 2558 367 2603 (2)
388 2559 530 2604 Appiani.
553 2558 649 2593 Alex.
679 2556 765 2592 Bell.
790 2558 861 2592 civ.
886 2557 956 2593 Lib.
982 2558 1010 2590 1.
1031 2568 1104 2601 cap.
1127 2558 1186 2591 89.

312 2620 363 2663 (³)
389 2620 527 2665 Appian.
558 2620 651 2654 Alex.
677 2618 760 2654 nell.
784 2619 855 2655 niv.
882 2618 955 2656 Lib.
976 2619 1004 2652 1.
1033 2629 1105 2662 cnp.
1135 2619 1191 2650 90.
