1872 3106
1009 265 1060 307 16

390 413 555 456 nobiles
583 415 627 455 in
658 413 847 457 Africam
876 424 1029 459 contra
1060 416 1316 475 Jugurtham
1341 419 1475 469 missi,
1510 418 1671 462 abhoc

394 517 492 559 rege
532 504 718 559 pecunia
754 506 949 563 corrupti
985 514 1141 556 essent,
1175 514 1309 564 atque
1332 520 1506 550 causam
1527 508 1671 564 reipu-

393 591 534 634 blicae
567 592 876 661 deseruissent:
920 609 944 637 e
971 610 1017 638 re
1045 610 1276 652 oppressae
1301 595 1440 652 plebis
1467 610 1556 639 esse
1582 604 1673 639 sta-

391 680 541 723 tuebat
580 683 819 725 Mamilius
855 685 1128 740 rogationem
1155 685 1214 727 ad
1241 686 1454 741 populum
1480 686 1676 742 promul-

393 784 520 826 gare,
554 777 607 812 ut
634 778 941 829 quaereretur
965 775 1014 815 in
1043 789 1142 825 eos,
1160 789 1354 832 quorum
1378 776 1573 817 consilio
1587 776 1679 820 Ju-

387 860 565 917 gurtha
598 863 794 904 senatus
831 862 1017 906 decreta
1049 864 1362 921 neglexisset,
1396 867 1597 922 quique,
1619 865 1676 907 ab

387 965 437 993 eo
474 954 525 992 in
564 950 905 1009 legationibus,
943 957 1029 994 aut
1057 954 1263 1009 imperiis
1285 956 1516 1009 pecunias
1545 969 1675 997 acce·

381 1043 596 1098 pissent;
628 1043 799 1098 quique
819 1039 1058 1097 perfugas
1082 1042 1414 1092 tradidissent,
1440 1045 1570 1092 item,
1595 1045 1682 1102 qui

388 1132 445 1174 de
474 1145 614 1187 pace,
645 1135 731 1172 aut
765 1129 881 1172 bello
905 1145 1006 1171 cum
1033 1129 1244 1171 hostibus
1260 1133 1510 1187 pactiones
1523 1131 1677 1188 fecis-

389 1226 494 1262 sent
528 1219 611 1276 (l).
673 1218 813 1272 Quam
844 1218 1116 1274 rogationem
1142 1218 1264 1274 plebs
1283 1220 1467 1263 maxima
1491 1221 1533 1263 vi
1548 1220 1677 1278 jussit

387 1315 431 1352 et
455 1307 674 1356 decrevit,
706 1306 843 1364 idque
867 1310 1016 1366 magis
1039 1309 1143 1350 odio
1161 1309 1442 1360 nobilitates,
1462 1311 1679 1355 cuimala

384 1399 473 1441 illa
488 1398 815 1456 parabantur,
847 1413 987 1455 quam
1013 1397 1128 1440 curci
1151 1399 1433 1455 reipublicae
1465 1398 1548 1458 (2).

445 1487 508 1530 EA
537 1493 682 1528 autem
706 1485 896 1542 perlata,
930 1493 1015 1529 tres
1033 1487 1302 1544 quaesitores
1315 1488 1467 1539 creati,
1483 1495 1527 1531 et
1542 1489 1674 1532 causa

390 1575 565 1632 cognite
591 1590 614 1617 a
631 1574 898 1618 Gracchanis
906 1574 1152 1632 judicibus,
1169 1577 1369 1632 permulti
1383 1577 1542 1620 sublati
1553 1585 1675 1632 sunt,

388 1665 502 1708 iuter
521 1678 632 1722 quos
652 1671 775 1707 erant
795 1671 988 1722 quatuor
1007 1667 1275 1717 consulares,
1300 1668 1473 1710 Lucius
1487 1669 1676 1723 Bestia,

393 1755 543 1812 Gajus
569 1752 706 1805 Cato,
726 1755 933 1811 Spurius,
945 1755 1150 1798 Albinus
1178 1763 1220 1797 et
1246 1757 1419 1798 Lucius
1442 1756 1673 1814 Opimius,

387 1844 467 1887 iste
495 1844 608 1902 Caji
634 1843 838 1886 Gracchi
853 1851 895 1886 et
913 1845 1148 1886 multorum
1167 1843 1524 1887 Gracchanorum
1542 1845 1677 1888 inter-

390 1934 555 1984 fector,
596 1947 727 1991 quem
767 1933 959 1991 Vellejus
991 1933 1244 1976 Paterculus
1275 1935 1340 1992 (3)
1384 1935 1513 1986 dixit,
1549 1938 1677 1980 dam·

390 2029 552 2066 natum
584 2028 757 2079 postea
782 2023 970 2079 judicio
1004 2023 1217 2079 publico,
1263 2025 1480 2066 memoria
1524 2026 1677 2081 ijo-sius

391 2114 616 2157 saevitiae
633 2143 643 2161 ,
678 2111 857 2153 nullam
886 2111 1063 2153 civilem
1094 2116 1387 2167 persecutam
1413 2126 1515 2154 esse
1541 2114 1676 2154 mise-

389 2203 653 2245 ricordiam.

452 2290 594 2344 Quum
633 2289 764 2346 igitur
802 2288 910 2331 haec
946 2289 1134 2344 partium
1175 2288 1344 2342 studia,
1390 2290 1452 2331 uti
1490 2289 1677 2333 breviter

391 2379 601 2428 vidimus,
650 2376 771 2419 tanta
808 2376 1046 2419 acerbitate
1087 2379 1303 2434 utrimque
1347 2387 1676 2432 exercerentur,

433 2547 485 2589 (l)
509 2548 643 2582 Sallust.
667 2545 754 2580 Bell.
779 2544 936 2588 Jugurth.
964 2555 1037 2588 cap.
1063 2543 1120 2578 40.

430 2607 482 2650 (2)
506 2608 639 2641 Sallust.
666 2608 748 2640 Bell.
777 2605 934 2649 Jugurth.
963 2616 1037 2649 cap.
1062 2606 1152 2639 laud.

435 2666 488 2711 (3)
511 2668 598 2701 Veli.
616 2667 748 2702 Patere.
769 2667 839 2700 Lib.
851 2667 899 2700 11.
913 2677 945 2700 ο.
961 2666 986 2700 l.
1002 2689 1012 2708 ,
1029 2667 1120 2702 conf.
1136 2677 1270 2709 quoque
1285 2668 1355 2701 cic.
1369 2668 1404 2700 in
1418 2669 1520 2701 Bruto
1533 2680 1608 2714 cap.
1623 2669 1683 2705 34.
