1872 3106
969 267 1028 310 90

345 435 518 480 parum
548 423 638 464 cz‘to
672 422 762 464 sibi
788 421 979 464 balneas
1010 421 1215 463 traditas
1244 432 1372 470 esse,
1407 426 1451 462 et
1468 431 1639 477 parum

351 514 511 555 lautas
541 510 720 568 fuisse.
791 512 976 554 Idcirco
1008 511 1156 569 palus
1195 510 1451 552 destitutus
1490 516 1561 552 est
1595 513 1646 553 in

340 600 489 656 foro:
518 615 661 659 eoque
687 600 919 644 adductus
944 615 1058 644 suae
1089 602 1295 643 civitatis
1325 597 1644 642 nobilissimus

354 691 483 734 homo
508 692 679 733 Marcus
707 691 877 734 Marius.
957 689 1234 734 Vestimenta
1257 690 1470 732 detracta
1502 692 1641 739 sunt,

351 784 502 839 virgis
532 796 698 824 caesus
725 787 810 824 est.

413 871 482 913 Ad
510 870 626 913 hunc
656 871 804 912 locum
827 869 979 912 scribit
995 870 1200 914 Jacobus
1222 869 1485 912 Gronovius
1502 899 1513 919 ‚
1532 865 1646 909 diffi-

355 961 437 1002 cile
468 961 589 1003 dictu
617 973 730 1010 esse,
765 958 855 1016 qud
886 959 1098 1016 dignitate
1130 959 1200 1000 hic
1227 959 1414 1001 Marius
1438 957 1558 1013 apud
1581 957 1648 998 Si·
1725 986 1730 988 -

352 1050 523 1092 dicinos
568 1049 722 1099 fuerit,
768 1055 811 1090 et
849 1062 940 1105 quo
980 1048 1081 1105 jure
1119 1048 1166 1090 id
1210 1047 1432 1104 negotium
1477 1044 1648 1088 dederit

356 1141 604 1196 quaestori,
653 1153 676 1180 a
714 1152 806 1196 quo
846 1139 1026 1180 omnino
1062 1138 1254 1179 diversus
1291 1135 1442 1195 haberi
1471 1135 1645 1178 debeat.

352 1230 428 1281 Et,
472 1228 740 1285 paucissimis
774 1227 1035 1284 interjectis,
1077 1227 1201 1269 addit
1230 1226 1346 1268 idem
1371 1226 1437 1269 vir
1462 1225 1643 1275 doctus,

353 1321 420 1363 M.
452 1320 656 1363 Marium
677 1317 805 1360 fuisse
832 1324 1106 1374 quaestorem
1135 1316 1400 1366 Sidicinum,
1428 1315 1580 1372 etjure
1594 1315 1647 1356 il·

351 1411 433 1453 lius
470 1409 694 1467 dignitatis
741 1421 891 1450 curam
920 1407 1177 1449 balneorum
1208 1404 1512 1461 publicorum,
1546 1412 1645 1447 tan-

353 1513 488 1558 quam
527 1505 698 1555 partem
739 1496 1044 1552 vectigalium,
1090 1494 1147 1535 ad
1190 1494 1329 1549 ipsum
1370 1493 1640 1549 pertinuisse.

353 1589 477 1644 Quae
504 1587 731 1645 quomodo
757 1585 871 1627 inter
895 1598 940 1626 se
966 1584 1252 1634 cohaereant,
1270 1596 1361 1625 non
1373 1582 1517 1625 video.
1562 1581 1642 1624 Ille

352 1679 417 1722 M.
443 1677 655 1726 Marius,
677 1675 801 1732 quod
822 1688 937 1717 suae
958 1675 1166 1739 civitatis
1186 1672 1498 1714 nobilissimus
1515 1670 1646 1712 homo

349 1773 558 1817 vocatur,
598 1764 744 1822 potius
777 1761 1100 1817 Duumvirbsive
1141 1774 1332 1802 summus
1371 1760 1647 1816 magistratus

352 1857 508 1914 oppidi
546 1856 611 1898 sui
648 1854 800 1904 fuisse,
846 1859 889 1895 et
923 1858 1157 1909 propterea
1198 1850 1419 1907 quaestori
1445 1861 1524 1891 suo
1550 1847 1650 1890 bal·

349 1960 531 1989 neorum
555 1943 997 1987 vacuefaciendorum
1023 1940 1245 1998 negotium
1269 1938 1497 1981 mandasse
1519 1936 1643 1980 vide-

348 2043 434 2079 tur.
461 2058 519 2065 —-
545 2035 776 2076 Praeterea
807 2031 931 2089 quod
961 2031 1069 2074 Car.
1100 2030 1341 2087 langius,
1372 2033 1479 2069 teste
1505 2026 1643 2068 Peri-

351 2128 487 2169 zom‘o
517 2124 610 2183 (l),
655 2121 850 2180 putavit,
895 2120 1013 2162 hunc
1054 2118 1118 2162 M.
1163 2118 1367 2160 Marium
1413 2115 1463 2159 C.
1501 2115 1650 2158 Marii

351 2217 508 2272 septies
544 2212 733 2258 consulis
770 2217 976 2267 patruum
1010 2215 1053 2251 et
1095 2208 1159 2251 M.
1191 2206 1342 2249 Marii
1371 2203 1650 2247 Gratidiani

350 2312 519 2361 patrem
555 2301 808 2359 adoptivum
835 2299 988 2349 fuisse,
1023 2296 1141 2339 omni
1167 2293 1537 2339 verisimilitudine
1562 2306 1640 2334 ca-

351 2400 440 2445 ret,
469 2394 502 2436 si
528 2393 705 2451 quidem
729 2389 802 2432 hic
826 2390 890 2433 Μ.
907 2388 1092 2430 Marius
1113 2383 1442 2435 fuitSidicinus,
1467 2382 1516 2426 0.
1535 2382 1639 2425 Ma-

388 2676 440 2722 (l)
467 2676 624 2710 Perizon.
649 2672 826 2708 Animadv.
851 2670 937 2704 mot.
960 2679 1036 2712 cap.
1062 2668 1127 2700 ΙΙΙ.
1151 2678 1186 2710 p.
1206 2666 1263 2701 98.
