1872 3106
924 247 1137 292 THESES.

385 393 428 436 δὲ
469 396 539 437 τοῦ
576 396 764 447 γενναίου
811 399 1067 455 καθαιρέτης.
1111 403 1179 443 καὶ
1218 405 1296 458 γάρ
1339 406 1462 448 εἰπεῖν
1511 423 1549 448 τι
1597 411 1664 451 καὶ

384 483 628 540 ὑποσχέσθαι
661 487 730 527 καὶ
764 492 991 541 ψεύσασθαι
1026 491 1095 531 καὶ
1124 491 1379 547 ἐπιορκῆσαι,
1411 495 1456 538 ἐν
1486 487 1523 551 ᾦ
1548 487 1670 540 πλεο-

386 577 587 627 νεκτήσειν
613 573 804 629 ἤλπιζεν,
843 580 1079 632 ἑτοιμότατοι
1115 580 1274 635 ἐτόλμα.
1315 585 1359 624 τό
1396 600 1438 626 τε
1468 599 1667 638 συκοφαν-

386 664 504 716 τῆσαί
534 680 628 708 τινα
654 668 736 709 τῶν
764 667 958 722 ἀρίστων,
991 671 1060 711 καὶ
1087 672 1132 712 τὸ
1162 671 1371 715 ἐπαινέσαι
1400 670 1455 716 αὖ
1482 678 1565 719 τῶν
1595 691 1670 718 κα-

385 754 529 798 κίστων
558 757 602 799 ἐν
629 756 773 813 παιδιᾷ
805 758 975 801 ἐτίθετο.
1014 761 1083 802 καί
1117 778 1184 814 μοι
1215 762 1593 822 μηδεὶς-θαυμάσῃ,
1633 769 1668 808 εἴ

383 847 559 894 τοιοῦτός
581 863 642 895 τις
668 847 726 892 ὧν
758 849 824 891 ἐπὶ
856 849 1041 894 πλεῖστον
1071 850 1221 896 ἔλαθεν
1251 853 1312 907 ἐφ’
1344 851 1404 903 οἷς
1427 857 1665 910 ἐκακούργει.

382 934 427 975 ἔκ
463 951 506 976 τε
543 938 619 993 γὰρ
655 942 724 991 τῆς
753 944 1055 996 περιτεχνήσεως
1090 943 1159 984 καὶ
1186 944 1229 984 ἐκ
1260 946 1329 996 τὴς
1365 949 1503 1001 τύχης,
1536 939 1563 1001 ᾗ
1591 963 1671 989 πα·-

380 1027 515 1079 ράπαν
542 1027 593 1068 τὰ
622 1029 760 1082 πρῶτα
791 1028 934 1084 α’γαθῇ
958 1031 1168 1086 ἐχρήσατο,
1201 1035 1269 1074 καὶ
1295 1034 1432 1090 ἀρετῆς
1454 1035 1578 1085 δόξαν
1605 1038 1670 1078 ἐκ·

378 1117 538 1167 τήσατο.
569 1115 616 1157 id
642 1123 728 1158 est:
768 1117 844 1160 Vir
870 1125 973 1161 erat
1000 1120 1157 1162 Marius
1185 1123 1401 1165 seditiosi
1427 1139 1483 1167 ae
1511 1126 1671 1167 turbu-

383 1203 503 1246 lenti
531 1207 734 1262 ingenii,
777 1212 822 1248 et
847 1207 1144 1264 Plebejorum
1181 1214 1405 1262 omnium,
1447 1229 1478 1255 a
1504 1208 1670 1271 quibus

377 1298 423 1334 et
454 1295 554 1349 ipse
586 1309 740 1351 genus
773 1293 990 1347 ducebat,
1019 1313 1248 1356 perquam
1279 1302 1544 1353 studiosus,
1581 1317 1672 1345 om-

376 1382 513 1424 nibus
551 1385 783 1427 nobilibus
825 1385 1182 1441 infestzssimus.
1243 1389 1410 1431 Dicere
1453 1393 1572 1433 enim
1614 1408 1670 1435 ae

372 1472 597 1529 polliceri
615 1474 863 1530 quidlibet,
897 1476 1083 1516 mentiri
1109 1480 1249 1534 atq-ue
1271 1480 1407 1520 etiam
1424 1480 1663 1536 pejerare,

381 1560 463 1601 ubi
481 1561 731 1602 utilitatem
759 1561 967 1618 aliquam
993 1569 1224 1619 speraret,
1259 1580 1508 1623 numquam
1539 1569 1670 1610 dubi-

382 1646 528 1691 tabat.
589 1651 697 1692 Jam
731 1650 1015 1692 calumniari
1050 1654 1268 1708 optimum
1302 1669 1548 1712 quemque,
1585 1663 1670 1699 aut

375 1740 629 1794 pessimum
657 1739 874 1790 laudare,
910 1741 1049 1783 ludus
1075 1743 1154 1805 illi
1173 1758 1228 1786 ae
1243 1743 1388 1800 jocus
1417 1750 1533 1788 erat.
1579 1745 1670 1788 Ne-

382 1841 470 1884 que
499 1829 666 1869 mirari
685 1828 814 1871 decet
842 1829 1074 1883 ejusmodi
1087 1833 1184 1872 viri
1206 1832 1435 1888 maleficia
1465 1839 1560 1876 lam
1589 1835 1671 1876 diu

384 1916 610 1958 latuisse:
638 1918 863 1974 siquidem
890 1918 1150 1974 artifieiosa
1176 1923 1377 1978 quadam
1407 1923 1668 1975 industria,

383 2020 438 2046 ae
462 2003 696 2060 fortuna,
741 2008 836 2063 qud
874 2008 931 2049 ab
964 2011 1100 2049 initio
1130 2011 1466 2051 secundissima
1502 2012 1669 2068 ubique

379 2107 495 2134 usus
533 2097 626 2142 est,
670 2095 863 2135 virtutis
894 2095 1010 2136 adeo
1029 2095 1216 2150 samam
1250 2098 1342 2162 sibi
1368 2103 1666 2156 comparavit.

993 2184 1045 2227 V.

439 2271 552 2315 Vere
570 2270 626 2312 de
657 2270 707 2314 C.
730 2270 882 2313 Mario
898 2270 1119 2327 judicasse
1144 2272 1244 2313 mihi
1273 2274 1442 2317 videtur
1464 2277 1668 2333 Pighius

381 2361 538 2403 Annal.
576 2361 634 2402 ad
669 2362 720 2403 A.
757 2359 811 2403 U.
848 2359 896 2402 C.
923 2360 1022 2402 652.
1068 2361 1155 2403 Ilio
1191 2362 1315 2404 alter
1352 2370 1423 2405 est
1465 2364 1509 2407 C.
1545 2366 1668 2408 Marii

379 2450 642 2506 triumphus
662 2451 802 2507 longe
826 2448 1144 2500 clarissimus,
1163 2457 1276 2507 post
1296 2466 1427 2508 quem
1452 2458 1501 2494 si
1515 2455 1665 2497 subito

379 2539 500 2579 diem
527 2539 717 2581 obiisset
740 2544 1014 2588 extremum,
1047 2541 1173 2581 inter
1187 2539 1360 2596 felices
1385 2545 1570 2594 merito,
1597 2549 1667 2585 tot

381 2626 514 2669 rebus
541 2641 767 2683 prospere
795 2629 946 2684 gestis
964 2657 974 2677 ‚
1007 2626 1171 2670 haberi
1188 2631 1438 2686 potuisset.
