1872 3106
868 196 926 238 63

252 348 431 391 Telesini
472 348 606 391 fratre
643 349 731 392 una
771 348 945 391 obsesso
981 355 1024 391 et
1058 355 1336 406 erumpente,
1380 349 1542 393 mutuis

246 438 406 483 ictibus
430 438 712 483 occubuisse:
743 452 888 482 rursus
910 438 984 480 alii
1014 437 1080 496 (1)
1106 438 1320 490 referunt,
1335 439 1539 483 Marium

247 543 273 573 a
314 543 439 574 servo
474 543 554 573 suo
577 528 780 586 precibus
803 529 1074 587 impetrasse,
1101 535 1150 572 ut
1176 543 1221 572 se
1247 529 1538 575 interficeret=

247 619 320 662 alii
346 618 412 677 (2)
437 619 629 677 denique
653 617 903 676 perhibent,
934 619 1074 676 ipsum
1098 633 1178 676 per
1190 619 1418 663 cuniculos
1428 620 1542 665 miro

247 723 382 767 opere
404 709 643 753 fabricatos
659 741 671 762 ,
703 709 839 767 inque
864 709 1054 754 diversas
1079 716 1228 766 partes
1249 723 1454 768 agrorum
1474 709 1540 754 fe·

247 806 411 851 rentes,
440 813 668 857 erumpere
690 799 896 851 voluisse,
929 798 1005 843 sed
1030 812 1131 842 cum
1158 799 1206 842 in
1231 812 1285 842 eo
1311 805 1440 851 esset,
1458 806 1545 844 ute
1597 851 1599 853 ,

245 888 362 932 terra
395 895 657 947 emergeret,
703 901 728 930 a
767 888 1000 940 militibus,
1042 888 1102 931 ad
1130 888 1356 932 foraminis
1379 890 1543 933 exitum

242 977 486 1035 dispositis,
517 978 777 1036 prehensum
805 985 849 1022 et
871 978 1147 1022 interemtum
1170 991 1273 1022 esse.
1319 978 1444 1032 Quae
1456 992 1539 1022 au·

243 1073 331 1110 tem
370 1081 424 1111 ex
465 1067 530 1111 his
568 1067 847 1125 opinionibus
884 1081 983 1113 vera
1022 1068 1099 1120 sit,
1133 1068 1254 1112 haud
1286 1069 1417 1112 facile
1440 1069 1540 1127 quis

244 1157 421 1201 dixerit:
453 1156 559 1201 mihi
586 1164 807 1214 postrema
835 1157 1015 1215 reliquis
1039 1132 1315 1215 probabilior
1339 1159 1528 1203 videtur.

295 1247 364 1290 Ita
389 1247 504 1290 diem
531 1247 641 1291 obiit
669 1261 918 1305 supremum
951 1248 1003 1292 0.
1033 1247 1218 1292 Marius
1235 1279 1247 1299 ‚
1279 1261 1412 1305 quem
1440 1247 1540 1306 Syl-

238 1338 327 1380 lam
350 1337 506 1380 dixisse
531 1336 739 1388 tradunt,
772 1350 872 1380 cum
904 1337 998 1395 ejus
1022 1344 1157 1395 caput
1184 1337 1374 1381 Romam
1399 1351 1426 1380 a
1448 1337 1537 1381 Lu-

242 1426 381 1471 cretio
419 1425 562 1470 Ofella
600 1425 774 1469 missum
815 1432 950 1478 esset,
977 1429 1141 1483 potius
1171 1442 1368 1479 remum,
1402 1442 1539 1487 quam
1565 1432 1575 1436 “

238 1517 565 1573 gubernacula
594 1522 803 1560 tractare
829 1516 1044 1560 debuisse
1077 1515 1163 1575 (3).
1189 1515 1369 1560 Interim
1391 1524 1539 1562 tamen

240 1605 372 1649 facile
396 1605 676 1663 intelligitur,
711 1619 846 1663 quam
862 1605 1069 1650 acerbum
1083 1605 1165 1650 sibi
1179 1606 1402 1651 inimicum
1417 1607 1538 1667 Sylla

240 1696 359 1739 hunc
403 1695 454 1740 C.
500 1695 705 1738 Marium
742 1694 1037 1752 judicaverit,
1081 1695 1207 1753 quod
1242 1696 1417 1742 demum
1440 1705 1540 1756 post

241 1773 439 1829 mortem⁸
450 1783 546 1842 ejus
568 1796 817 1841 cognomen
844 1783 1014 1828 Felicis
1044 1783 1111 1842 (4)
1145 1786 1406 1830 assumserit.

839 1904 862 1961 3
893 1905 934 1949 7.

629 2021 701 2064 Be
729 2022 780 2066 G.
807 2021 958 2064 Marii
975 2023 1147 2067 indole.

297 2140 415 2195 Quid
450 2152 553 2184 vero
583 2140 680 2198 jam
704 2140 760 2184 de
789 2141 840 2186 G.
871 2141 1021 2185 Marii
1043 2142 1192 2186 indole
1220 2143 1403 2188 dicam?
1460 2145 1532 2188 Li·

279 2300 332 2345 (1)
355 2301 427 2335 [iv.
450 2300 538 2345 ipit.
565 2299 638 2335 Lib.
664 2296 876 2333 tmvm.
891 2321 904 2341 ,
926 2299 1025 2333 Diod.
1047 2300 1151 2333 Sicul-
1173 2301 1265 2335 rom.
1290 2302 1340 2336 11.
1364 2303 1538 2347 pngdul.

361 2361 450 2396 mit.
487 2361 656 2401 vntum,
680 2360 756 2394 Vsl.
789 2361 875 2394 Iu.
912 2360 972 2394 Lib
990 2361 1051 2395 vl.
1078 2371 1152 2406 cap.
1177 2361 1214 2396 8.
1236 2362 1281 2403 2,
1308 2365 1424 2400 ΛιιηΙ.
1449 2366 1540 2400 vtot.

364 2421 406 2454 de
430 2421 502 2455 Vir.
526 2421 653 2455 illustr.
679 2430 757 2464 cap.
782 2418 933 2455 vam.

282 2478 335 2523 (2)
356 2480 447 2515 Van.
473 2482 608 2515 ruere.
636 2479 707 2514 Lib.
733 2479 780 2513 11.
805 2490 879 2524 ουρ.
903 2479 963 2514 27.

281 2539 339 2584 (3)
361 2539 501 2584 Appius.
527 2541 622 2575 Alex.
648 2538 736 2574 Bon.
762 2539 835 2581 eiv,
864 2539 936 2574 Lib.
964 2539 994 2575 l.
1019 2552 1051 2573 c.
1080 2538 1138 2575 94·

285 2598 338 2644 (4)
364 2600 460 2634 conl.
482 2600 574 2635 mut.
598 2601 631 2633 in
653 2600 742 2642 Sylla
769 2610 844 2643 pag.
868 2599 944 2635 ⁴7³.
969 2600 1034 2641 D„
1061 2600 1174 2634 Aurel.
1204 2599 1296 2637 vict.
1322 2601 1365 2637 da
1391 2603 1460 2639 Vir.
1493 2605 1539 2638 ll-
