1872 3106
985 280 1032 321 12

361 434 568 478 sistebant
603 433 833 484 factiones,
869 447 893 474 a
930 433 1088 490 quibus
1118 431 1387 489 respublica,
1421 439 1641 490 tamquam

371 536 511 566 vacua
534 522 742 579 possessio
769 528 901 572 esset,
921 521 1259 565 dilacerabatur.
1320 521 1481 563 Harum
1509 522 1642 564 altera

364 611 594 655 constabat
622 625 646 653 e
669 611 919 662 nobilitate,
953 625 1085 667 penes
1107 624 1239 668 quam
1264 616 1387 662 erant
1411 610 1643 660 aerarium,

363 701 642 760 provinciae,
685 701 959 756 magistratus
998 713 1051 741 ac
1078 698 1267 755 praedae
1294 698 1506 748 bellic-ae,
1539 711 1649 755 quas

364 792 647 848 imperatores
678 804 777 832 cum
805 789 957 845 paucis
986 786 1344 841 intervertebant3
1376 764 1512 830 altera
1540 801 1648 830 con-

361 881 505 924 stabat
532 895 584 923 ex
612 879 913 933 multitudine,
944 892 1060 937 quae
1082 878 1234 920 militia
1260 877 1558 934 premebatur,
1581 876 1648 919 in-

360 969 465 1027 opia
492 969 742 1020 laborabat,
777 975 819 1010 et
845 969 891 1010 id
914 968 1109 1024 inprimis
1146 966 1412 1024 quaerebat,
1444 973 1492 1008 ut
1519 979 1648 1023 agro·

362 1075 456 1103 rum
482 1060 689 1102 divisione
712 1058 791 1100 sibi
808 1058 1099 1114 prospiceret,
1134 1062 1176 1098 et
1201 1056 1323 1098 sicin
1338 1062 1504 1112 partem
1521 1069 1648 1111 prae-

359 1150 443 1192 dae
470 1149 649 1192 veniret.
700 1147 896 1204 Utraque
922 1160 1021 1188 suos
1041 1145 1231 1187 habebat
1253 1152 1462 1201 patronos
1485 1151 1527 1187 et
1547 1159 1651 1202 pro-

360 1246 645 1296 pugnatores,
662 1238 738 1294 qui
755 1236 864 1277 illud
885 1236 1073 1291 partium
1093 1235 1282 1276 studium
1302 1235 1488 1285 alerent,
1509 1241 1552 1276 et
1574 1233 1649 1276 tali

361 1328 495 1370 modo
525 1326 841 1383 rempublicam
872 1339 1041 1382 pessum
1073 1324 1242 1366 darent.

418 1417 535 1459 Unus
564 1431 589 1459 e
615 1415 863 1472 praecipuis
883 1414 1002 1456 istius
1027 1413 1231 1469 publicae
1257 1413 1517 1455 calamitatis
1543 1427 1649 1455 auc·

360 1506 525 1550 toribus
577 1505 782 1547 Tiberius
832 1502 1069 1547 Gracchus
1110 1509 1219 1545 erat.
1278 1502 1359 1544 Hic
1398 1501 1455 1544 ob
1493 1501 1648 1544 foedus

358 1611 460 1640 cum
490 1595 761 1638 Numantinis
802 1593 967 1635 sactum
1009 1605 1034 1633 a
1065 1591 1291 1641 Mancino,
1325 1590 1452 1647 cujus
1491 1603 1648 1646 quaes-

359 1693 430 1731 tor
456 1686 598 1728 fuerat
617 1683 682 1742 (1)
700 1714 712 1735 ,
745 1689 820 1724 aut
845 1696 892 1724 re
915 1680 1017 1725 vera
1043 1680 1288 1737 a-patribus
1314 1678 1553 1736 ignominia
1581 1677 1648 1720 af-

360 1776 525 1826 fectus,
559 1781 635 1817 aut
661 1779 778 1816 certe
803 1771 1165 1820 illam-metuens,
1198 1775 1344 1825 partes
1378 1767 1551 1811 senatos
1574 1768 1651 1811 de·

361 1866 553 1916 serebat,
586 1870 629 1907 et
657 1862 715 1904 ad
738 1861 911 1917 plebem
936 1858 1163 1902 transibat.
1221 1859 1321 1902 Mox
1339 1858 1537 1901 tribunus
1556 1859 1649 1915 ple-

363 1956 430 1999 bis
456 1955 624 2003 factus,
655 1951 761 1994 nihil
791 1964 881 1993 non
911 1948 1135 1999 tentabat,
1170 1961 1260 2005 quo
1289 1948 1478 2004 capitale
1501 1947 1651 1990 odium

360 2059 483 2089 suum
523 2044 570 2085 in
607 2047 753 2099 patres
786 2039 1095 2082 manifestaret.
1170 2036 1355 2093 Legibus
1394 2035 1572 2092 agrariis
1605 2041 1649 2078 et

366 2135 460 2178 aliis
482 2134 528 2175 in
555 2131 727 2188 plebem
758 2127 1035 2171 conferendis
1059 2126 1283 2169 beneficiis
1312 2125 1558 2168 discordiae
1583 2124 1650 2167 fa·

365 2238 461 2268 cem
483 2219 777 2266 vehementius
794 2216 1051 2266 incendens,
1085 2220 1127 2257 et
1158 2228 1321 2256 summa
1335 2214 1429 2255 imis
1443 2214 1647 2263 miscens,

367 2311 684 2370 rempublicam
711 2308 756 2350 in
782 2318 993 2364 praeceps
1018 2303 1258 2360 periculum
1287 2302 1537 2345 adducebat
1557 2301 1640 2360 (2).

404 2509 458 2554 (1)
479 2507 549 2542 ῑὶν.
583 2505 672 2549 Eptt.
707 2502 779 2536 Lib.
818 2499 893 2539 Lv,
927 2496 1102 2532 Plutarch.
1137 2497 1173 2530 in
1212 2494 1284 2529 Tib.
1321 2495 1474 2528 Graccho
1509 2506 1543 2538 p.
1570 2495 1650 2530 826,

397 2631 451 2674 (2)
474 2565 666 2669 gv..BI¹3p('i:1:..
698 2621 774 2656 Lib.
799 2619 918 2653 LVIII.
934 2640 946 2659 ,
969 2618 1061 2652 Plut.
1086 2617 1121 2650 in
1143 2616 1212 2650 Tib.
1242 2615 1406 2649 Graccho.
1435 2627 1468 2659 p.
1493 2614 1572 2650 827.
1599 2615 1643 2654 C,

484 2689 599 2722 florus
622 2684 693 2718 Lib.
720 2683 786 2716 111.
811 2692 884 2724 cap.
907 2678 959 2711 14.
