1872 3106
876 180 931 223 47

319 336 568 378 Admodum
601 340 798 393 juvenis,
842 340 890 374 ut
918 331 1015 389 jam
1048 329 1258 379 vidimuS‚
1291 342 1392 371 cum
1423 333 1549 384 patre

260 424 393 468 hostis
419 424 647 482 judicatus
682 437 735 466 ex
756 421 870 466 Urbe
900 419 1064 477 effugit.
1124 418 1178 461 Et
1204 432 1340 476 quum
1367 431 1420 460 ex
1442 415 1545 460 villa

258 515 388 558 Mucii
428 514 570 557 salvus
605 519 740 570 atque
774 510 1006 555 incolumis
1046 523 1131 566 ope
1163 515 1207 551 et
1231 508 1394 552 auxilio
1415 506 1549 551 villici

259 605 317 647 ad
358 617 534 646 uxorem
573 615 765 646 reversus
799 608 932 651 esset,
973 607 1015 643 et
1040 599 1099 643 ad
1123 599 1206 642 iter
1227 596 1550 654 suscipiendum

257 694 443 736 maxime
468 693 707 736 necessaria
735 691 855 734 domi
879 703 981 732 suae
1009 703 1143 747 quam
1168 687 1391 731 celerrime
1410 686 1549 731 colle·

260 785 412 841 gisset,
456 781 715 838 intempesta
747 787 880 823 noete
906 778 1072 823 Ostiam
1096 793 1141 821 se
1167 779 1382 829 contulit,
1415 777 1552 835 (unde

256 881 395 930 pater,
423 873 672 915 imminente
694 871 892 927 periculo
916 869 1158 925 perculsus,
1171 869 1266 926 jam
1280 868 1546 926 aufugerat),

262 970 397 1020 atque
426 959 664 1005 conscensa
690 973 801 1003 nave
827 959 872 1002 in
900 958 1091 1002 Africam
1121 957 1289 1015 aufugit
1318 956 1402 1015 (1).

317 1140 536 1196 Appulsua
571 1139 617 1182 in
659 1138 911 1180 Numidiam
946 1138 1133 1180 contulit
1168 1151 1213 1180 ae
1242 1137 1301 1180 ad
1330 1137 1556 1194 Hiempsa-

261 1231 347 1272 lem
365 1228 429 1287 (2)
456 1242 627 1286 regem,
656 1228 732 1284 qui
753 1227 962 1284 juvenem
982 1228 1187 1270 Man'um
1210 1225 1456 1270 honorifice
1489 1241 1557 1270 re-

262 1318 481 1375 cipiebat,
497 1317 634 1374 idque
661 1318 848 1373 primum
873 1316 1054 1359 fortasse
1077 1316 1136 1359 ob
1160 1317 1344 1374 gratiam
1361 1318 1554 1360 aMun‘o

257 1414 384 1464 patre
423 1406 470 1449 in
510 1405 629 1449 bello
670 1404 934 1463 Iugurthino
962 1405 1043 1448 sibi
1068 1407 1336 1462 praestitam.
1396 1406 1558 1452 Verum

260 1509 362 1538 mox
377 1526 394 1550 ,
431 1509 569 1553 quum
603 1494 848 1552 aliquando
887 1494 1009 1551 apud
1036 1509 1135 1538 eum
1165 1502 1461 1539 commoratus
1488 1510 1554 1539 es-

259 1590 347 1635 set,
393 1591 437 1626 et
465 1564 671 1636 isteiex,
704 1585 878 1642 quoties
905 1585 1091 1628 Marius
1129 1585 1270 1642 ipsum
1310 1586 1556 1644 relinquere

263 1673 413 1723 vellet,
434 1671 624 1715 diversas
646 1686 796 1716 morae
817 1686 971 1716 causas
987 1680 1201 1726 necteret,
1226 1676 1435 1731 suspicari
1451 1690 1555 1719 coe-

262 1761 328 1818 pit
367 1761 577 1811 Marius.
622 1775 766 1819 regem
806 1761 922 1804 mala
959 1762 1048 1805 fide
1086 1776 1240 1820 agere,
1271 1771 1384 1806 etse
1413 1764 1472 1807 ab
1500 1779 1554 1808 eo

265 1851 428 1895 callide
461 1850 637 1894 retineri
667 1851 713 1893 in
750 1863 888 1908 regno
926 1864 1031 1902 auo.
1064 1858 1137 1902 ut,
1169 1852 1203 1894 si
1238 1851 1286 1895 id
1321 1852 1448 1896 lucro
1474 1853 1557 1911 ipsi

269 1940 411 1992 foret,
453 1940 637 1984 inimicis
679 1939 852 1983 tradere
871 1954 969 1983 eum
1009 1947 1177 1998 posset,
1210 1948 1254 1984 et
1285 1942 1348 1986 sic
1377 1943 1562 2001 gratiam

387 2172 455 2194 nue
468 2172 538 2195 rem
559 2162 698 2204 genitae
717 2165 753 2195 et
776 2162 954 2205 gloriatum
973 2174 1044 2196 esne
1057 2186 1067 2202 .
1097 2163 1135 2198 G.
1154 2164 1309 2198 Marium
1334 2177 1406 2199 non
1427 2169 1564 2211 mnjora

383 2223 539 2266 sociare,
567 2225 671 2264 utque
697 2222 741 2256 ob
762 2223 827 2256 hoe
851 2223 980 2256 dictum
1007 2236 1024 2258 ι
1050 2225 1119 2258 filio
1137 2225 1175 2259 G.
1192 2226 1308 2259 Mario·
1327 2237 1385 2271 per
1410 2228 1565 2263 invidiam

388 2284 422 2315 in
443 2283 524 2316 belli
550 2283 695 2315 tumultu
716 2284 864 2316 occisum
889 2295 975 2318 ene.

308 2343 361 2387 (l)
384 2343 453 2376 Liv.
489 2342 576 2385 Epit.
609 2341 680 2374 Lib.
719 2341 891 2383 Lxxvu,
929 2345 1022 2377 Plut.
1058 2346 1092 2377 in
1126 2347 1227 2379 nario
1262 2357 1338 2390 pag.
1376 2347 1443 2381 ⁴25
1470 2349 1506 2381 F.
1530 2354 1566 2382 et

391 2402 469 2434 ¹026.
495 2402 538 2435 Δ,

310 2459 362 2503 (2)
385 2461 553 2504 Interpre·
575 2459 734 2504 Appiani
747 2461 983 2497 Alesandn‘m'
994 2463 1085 2497 hunc
1098 2474 1209 2507 regem
1223 2465 1492 2501 Mando-ntalem
1507 2480 1565 2503 vo-

393 2523 471 2559 cat,
492 2520 559 2555 vid.
588 2532 663 2565 pag.
687 2522 767 2555 388.
790 2521 878 2557 Edit.
907 2534 940 2556 ο.
965 2527 1081 2556 annot.
1110 2523 1216 2559 Ilour.
1246 2525 1431 2569 Stephani.
1445 2528 1478 2560 in
1495 2530 1565 2563 1³01.

395 2580 489 2612 Anno
520 2580 619 2615 1592.
