1872 3106
956 285 982 324 4

328 443 397 486 to,
431 436 478 478 id
515 442 615 478 ante
642 436 789 478 omnia
818 437 902 478 alia
929 443 1133 493 egerunt,
1168 443 1214 478 ut
1242 435 1427 479 Comitia
1454 434 1614 478 tributa

328 527 672 575 instituerentur,
725 526 771 566 in
809 526 949 582 iisque
992 526 1155 582 plebeji
1187 525 1481 581 magistratus,
1518 523 1619 565 Tri·

272 668 281 683 x
328 617 441 658 bum'
477 622 522 658 et
542 615 752 666 Aediles,
785 621 1050 657 crearentur.
1111 614 1284 670 Optime
1309 613 1422 654 enim
1446 613 1616 669 praevi-

324 706 508 757 debant,
541 706 576 747 si
605 705 649 746 hi
674 718 764 746 non
792 705 977 759 amplius
1001 704 1047 744 in
1067 703 1260 746 comitiis
1283 702 1459 744 curiatis
1474 704 1616 744 nomi·

321 801 549 845 narentur,
595 794 688 836 fore
727 800 774 834 ut
802 793 976 849 patricii
1003 806 1102 834 cum
1133 791 1362 834 clientibus
1388 791 1473 833 suis
1500 790 1620 834 brevi

325 898 497 925 omnem
534 883 653 924 illam
689 883 775 925 vim
817 882 1089 931 amitterent,
1136 895 1268 938 quam
1308 880 1535 937 hucusque
1574 880 1622 922 in

326 973 534 1030 eligendis
566 973 650 1014 illis
681 970 1021 1028 magistratibus,
1049 971 1216 1026 populo
1242 971 1297 1012 ad
1326 970 1530 1027 suffragia
1557 969 1621 1011 fe-

329 1064 466 1106 renda
496 1061 697 1105 curiatim
723 1067 996 1108 convocato,
1031 1059 1319 1102 exercuissent
1347 1058 1431 1114 (l).

386 1153 579 1194 Tandem
619 1150 783 1207 prodiit
821 1148 1058 1198 Tribunus,
1105 1147 1223 1189 circa
1262 1147 1313 1189 A.
1356 1147 1406 1189 U.
1435 1146 1483 1190 C.
1506 1146 1617 1197 291,

326 1255 486 1286 novam
507 1240 779 1297 rogationem
802 1239 1101 1294 promulgans,
1118 1244 1165 1279 ut
1187 1236 1387 1277 nimirum
1407 1235 1620 1294 Quinque

333 1332 430 1374 Vz'rz'
475 1335 755 1378 crearentur,
803 1328 879 1384 qui
931 1327 986 1368 de
1027 1326 1253 1370 Consulari
1295 1326 1479 1381 imperio
1507 1326 1622 1383 leges

329 1419 567 1464 scriberent
594 1417 686 1474 (2),
725 1417 865 1474 iisque
893 1422 1121 1466 caverent,
1155 1429 1209 1456 ne
1240 1428 1397 1458 causae
1419 1414 1626 1471 publicae

332 1509 499 1565 pariter
524 1513 658 1563 atque
685 1505 882 1562 privatae
907 1519 959 1546 ex
985 1504 1166 1546 arbitrio
1192 1503 1425 1548 Consulum
1439 1503 1624 1560 amplius

330 1598 594 1656 penderent,
615 1595 692 1638 sed
716 1593 954 1636 secundum
981 1599 1121 1634 certas
1144 1593 1259 1648 leges
1276 1592 1625 1649 dijudicarentur

329 1694 371 1730 et
402 1687 722 1730 dirimerentur.

389 1776 513 1829 Quae
537 1774 585 1817 C.
611 1773 812 1815 Terentili
836 1772 968 1813 Arsae
994 1770 1165 1827 rogatio
1191 1783 1323 1827 quam
1350 1770 1626 1814 vehementer

331 1863 528 1922 patribus
557 1861 847 1918 displicuerit,
880 1861 947 1903 vel
973 1874 1024 1901 ex
1051 1873 1103 1901 eo
1131 1865 1338 1915 apparet,
1373 1859 1498 1915 quod
1524 1859 1619 1909 illa,

331 1953 529 2011 quamvis
567 1949 833 1993 minantibus
872 1963 924 1990 ac
950 1939 1230 1990 frementibus
1259 1947 1464 2003 deinceps
1487 1947 1626 1989 tribu·

335 2045 423 2095 nis,
467 2050 613 2084 tamen
654 2053 732 2095 per
769 2038 921 2080 decem
952 2038 1085 2078 ferme
1117 2049 1254 2077 annos
1280 2036 1396 2076 omni
1423 2049 1623 2078 successu

334 2132 474 2174 caruit
506 2129 588 2186 (3).

391 2222 573 2262 Demum
610 2217 729 2258 circa
766 2214 817 2257 A.
843 2213 898 2256 U.
929 2213 975 2256 C.
1005 2212 1105 2255 301.
1144 2220 1317 2255 senatus
1344 2212 1522 2255 assiduis
1548 2213 1623 2254 tri-

336 2310 550 2351 bunorum
591 2304 877 2361 posteriorum
921 2300 1122 2357 precibus
1151 2301 1325 2343 tandem
1355 2307 1619 2350 commotus.

377 2561 429 2604 (l)
453 2560 567 2591 Cicero
604 2557 646 2589 de
680 2557 758 2598 Leg.
779 2553 851 2588 Lib.
876 2553 940 2585 111.
967 2563 1042 2595 cap.
1071 2551 1092 2585 7
1115 2554 1150 2584 et
1178 2551 1239 2592 10,
1268 2551 1337 2583 Liv.
1358 2551 1395 2586 1..
1418 2550 1483 2586 111.
1506 2552 1610 2584 c.35.

378 2621 432 2663 (2)
459 2620 529 2652 Liv.
555 2617 627 2652 Lib.
653 2617 718 2648 111.
741 2626 772 2648 c.
798 2615 833 2647 9.

379 2682 428 2724 (3)
454 2680 521 2713 Liv.
552 2677 622 2710 Lib.
648 2677 712 2709 111.
742 2686 772 2708 ο.
803 2674 824 2705 ι.
