1872 3106
906 196 955 238 51

282 356 424 392 turam
451 349 571 392 circa
599 361 762 391 annum
791 347 944 391 aetatis
969 346 1047 391 31:
1081 355 1172 391 tum
1197 348 1461 407 sequebatur
1485 349 1570 393 Ae·

278 439 424 482 dilitas
460 451 577 482 anno
613 437 767 482 aetatis
801 438 884 484 37:
929 437 1088 481 deinde
1125 438 1332 482 Praetura
1363 451 1480 482 anno
1507 438 1567 484 40

278 534 322 571 et
357 527 548 586 denique
575 527 826 573 consulatus
848 540 966 570 anno
994 526 1067 571 43.
1128 528 1225 571 Non
1252 542 1321 571 me
1342 528 1454 586 fugit
1467 529 1570 587 qui-

276 617 377 660 dem
412 617 647 660 nonnullos
679 616 820 674 gratia
846 617 1078 674 campestri
1103 624 1204 660 ante
1231 624 1400 674 tempus
1424 617 1568 676 legiti-

277 721 396 750 mum
426 705 491 749 his
522 707 589 750 vel
614 706 697 749 illis
724 705 964 749 honoribus
982 706 1157 749 functos
1179 707 1327 758 fuisse,
1354 707 1431 750 sed
1450 721 1565 766 quo·

275 795 393 838 niam
420 795 581 840 Cicero
607 794 673 852 (1)
708 801 913 847 testatur,
946 794 1027 838 sihi
1046 795 1238 854 singulos
1256 796 1464 854 deinceps
1484 796 1566 841 ho-

273 897 402 927 norea
420 896 500 927 auo
524 890 718 940 tempore
739 883 972 927 mandatos
995 897 1110 936 esse,
1142 884 1312 928 ideirco
1339 883 1456 929 hanc
1483 899 1564 930 an·

273 987 429 1017 norum
463 972 616 1016 seriem
651 972 889 1016 secundum
926 986 1106 1017 munera
1147 987 1172 1016 a
1203 973 1414 1019 Cicerone
1444 982 1564 1034 gesta

275 1063 338 1107 sic
363 1061 553 1107 exhibui.

328 1152 453 1196 Hanc
477 1152 593 1197 viam
613 1153 747 1209 plane
770 1151 958 1209 neglexit
987 1152 1039 1196 0.
1071 1152 1278 1204 Mariua,
1302 1156 1405 1211 qui,
1426 1167 1565 1211 quum

269 1254 414 1299 neque
448 1241 761 1296 Quaesturam,
792 1255 938 1299 neque
967 1240 1277 1294 Tribunatum,
1307 1256 1452 1300 neque
1479 1242 1565 1287 Ae-

268 1329 482 1373 dilitatem
497 1361 509 1383 ‚
541 1345 686 1388 neque
703 1330 956 1374 Praeturam
976 1331 1190 1388 gessisset,
1207 1331 1352 1374 statim
1368 1344 1468 1374 cum
1483 1331 1563 1375 Cn.

267 1418 445 1476 Papirio
468 1418 670 1464 Carbone
693 1419 968 1463 consulatum
994 1419 1174 1471 invasit,
1205 1433 1342 1477 quum
1357 1451 1368 1471 ‚
1395 1425 1441 1463 ut
1458 1419 1563 1463 mihi

267 1507 462 1559 videtur,
495 1509 566 1552 vix
589 1508 840 1554 vicesimum
867 1508 1070 1567 quintum
1092 1509 1246 1552 aetatis
1274 1523 1438 1553 annum
1461 1511 1564 1554 atti-

272 1597 400 1654 gisset
429 1597 515 1654 (2).

329 1686 428 1729 Jam
464 1699 568 1730 vero
606 1688 818 1745 quoniam
853 1687 969 1731 filius
994 1688 1179 1731 Marius
1206 1701 1348 1745 aeque
1372 1687 1563 1731 crudelis

271 1780 315 1818 et
357 1788 507 1819 saevus
545 1775 609 1833 (3)
655 1775 813 1819 natura
850 1782 968 1826 erat,
1009 1782 1143 1833 atque
1167 1782 1293 1832 pater
1315 1776 1481 1828 suerat,
1514 1784 1560 1820 et

273 1862 359 1907 hoe
385 1871 559 1907 mortuo
578 1865 669 1922 ipse
692 1866 896 1922 princeps
920 1864 1124 1908 factionis
1154 1878 1258 1908 suae
1283 1865 1445 1916 fiebat,
1479 1880 1559 1923 ap-

267 1959 394 2009 paret
443 1953 779 2011 Rempublicam
823 1954 1071 1998 Romanam
1116 1954 1292 1997 minime
1330 1955 1558 1998 liberatam

268 2041 395 2086 fuisse
422 2056 448 2085 a
475 2043 654 2087 consule
684 2042 877 2095 crudeli,
910 2043 988 2102 qui
1013 2042 1158 2087 omnia
1180 2056 1260 2087 suo
1278 2050 1387 2087 nutu
1406 2044 1556 2102 peragi

306 2292 359 2337 (t)
382 2293 441 2326 cto
468 2293 511 2326 de
536 2292 626 2329 offic.
653 2294 726 2327 tib.
752 2295 787 2327 11
813 2307 845 2329 o.
878 2295 955 2337 17..
980 2296 1022 2330 de
1046 2297 1113 2339 leg.
1139 2298 1256 2339 ligur.
1284 2297 1341 2330 01¹.
1370 2295 1404 2328 tt
1427 2306 1504 2340 cap.
1527 2296 1563 2331 2.

304 2353 360 2397 (2)
381 2354 452 2388 Liv.
485 2355 574 2398 Bpit.
607 2355 679 2390 Lib.
713 2354 910 2396 LXXXVI..
937 2357 1081 2401 Appian.
1108 2356 1203 2389 Alex.
1228 2354 1314 2390 Bell.
1338 2356 1410 2392 civ.
1435 2356 1506 2389 ub.
1531 2358 1560 2391 1.

388 2424 420 2448 ο.
455 2414 521 2455 87,
547 2416 663 2450 Aurei.
688 2416 778 2449 vict.
803 2416 845 2450 de
868 2417 939 2450 vir.
963 2418 1091 2450 lllurtr.
1112 2427 1187 2460 cap.
1215 2415 1563 2461 uum—curip-

387 2483 458 2507 oum
488 2475 546 2508 ino
576 2487 664 2509 anno
691 2477 812 2509 aetati·
833 2477 1002 2510 con-utem
1026 2477 1127 2509 suine
1151 2479 1317 2516 statuam,
1344 2477 1418 2520 eju·
1437 2478 1485 2510 rei
1510 2488 1562 2510 ra-

390 2534 497 2568 tione·
524 2537 556 2569 in
583 2537 863 2570 antecedentibus
887 2538 1014 2572 reddidi
1042 2538 1056 2581 ς
1081 2538 1113 2571 2.

308 2592 360 2636 (³)
384 2593 474 2630 ΡΙΜ.
500 2597 533 2629 in
557 2598 657 2632 lario
683 2610 716 2642 p.
742 2597 809 2634 ⁴38
833 2599 870 2633 C.
886 2621 895 2639 .
923 2599 1009 2634 vett.
1038 2601 1169 2633 Patere.
1200 2598 1269 2631 Lib.
1297 2598 1344 2630 ΙΙ.
1369 2609 1400 2630 c.
1420 2597 1477 2628 215.

1319 2674 1375 2715 4*
