1872 3106
832 212 888 256 49

207 378 376 422 semper
424 365 660 408 recordans
698 368 870 422 septies
911 364 1145 408 consulem
1177 367 1327 421 ipsum
1351 362 1495 419 fore,

201 468 345 513 eoque
379 455 608 513 praesagio
642 453 813 512 septimi
850 454 1103 497 consulatus
1131 468 1232 498 cum
1258 468 1303 497 se
1327 453 1492 511 ipsum,

204 550 296 586 tum
319 543 452 587 etiam
473 543 613 587 filium
639 549 682 586 et
705 543 870 586 amicos
891 557 992 587 suos
1017 540 1329 588 consolabatur
1351 543 1437 602 (1).

256 632 428 675 Interea
455 632 558 677 novi
586 633 795 676 tumultus
816 633 863 676 in
887 632 1021 684 Urbe,
1048 640 1230 676 auctore
1246 633 1384 677 Cinna
1401 633 1493 691 (2),

201 722 340 765 exorti
364 728 488 766 erant
505 755 516 774 ,
548 729 592 765 et
615 723 800 766 Marius·
825 736 852 766 a
876 724 962 766 suis
983 722 1329 767 desiderabatur.
1389 722 1494 766 Cer·

201 811 288 854 tior
302 813 453 870 itaque
465 812 607 856 sactus
619 823 784 863 rerum,
800 825 916 869 quae
924 811 1095 855 Romae
1107 812 1362 855 acciderant
1376 843 1387 863 ,
1404 818 1498 855 sta-

197 901 276 943 tim
313 901 359 944 in
395 901 567 943 Italiam
606 901 780 958 trajecit
817 900 900 959 (3).
963 901 1082 955 Quid
1110 901 1167 943 ab
1193 902 1271 945 illo
1297 908 1496 959 tempore

198 990 384 1034 Marius
431 996 559 1048 pater
603 989 764 1047 egerit,
814 989 1044 1047 quomodo
1084 989 1244 1033 Urbem
1286 991 1498 1035 caedibus

196 1078 465 1136 impleverit,
500 1092 635 1136 quam
661 1078 850 1136 plurima
877 1093 1071 1123 summae
1098 1080 1370 1124 crudelitatis
1398 1095 1495 1126 sce·

194 1169 286 1212 lera
324 1167 666 1226 perpetraverit,
705 1168 796 1226 qua
826 1169 997 1212 ratione
1024 1170 1255 1226 septimum
1284 1172 1492 1214 consula·

195 1263 288 1301 tum
317 1258 359 1302 vi
395 1258 625 1313 invaserit,
656 1263 700 1301 et
726 1258 852 1301 initio
875 1258 995 1301 istius
1017 1258 1187 1315 septimi
1213 1258 1492 1311 consulatus,

193 1347 272 1405 qui
309 1346 466 1390 incidit
507 1348 552 1391 in
590 1348 642 1391 A.
682 1347 734 1391 U.
766 1346 812 1391 C.
843 1347 932 1393 667
957 1347 1072 1413 diem
1094 1361 1344 1404 supremum
1367 1348 1493 1391 obie-

192 1436 274 1488 rit,
314 1436 390 1479 illa
418 1436 590 1480 silentio
613 1436 932 1494 praetereunda
962 1450 1146 1488 censeo,
1179 1436 1304 1495 quod
1333 1451 1492 1494 parum

193 1532 394 1577 constat,
437 1525 550 1583 quid
586 1525 753 1570 interea
782 1526 991 1583 temporis
1017 1539 1156 1584 usque
1185 1525 1244 1568 ad
1270 1525 1320 1570 Δ.
1352 1526 1405 1570 11.
1438 1526 1487 1571 C.

191 1614 294 1660 671.
335 1614 451 1658 filius
479 1614 657 1667 fecerit,
701 1629 973 1674 quamquam
1010 1615 1251 1659 admodum
1276 1615 1490 1659 credibile

193 1709 257 1747 est
272 1734 284 1754 ‚
315 1703 457 1760 ipsum
479 1716 570 1745 non
595 1703 784 1746 otiosum
803 1703 956 1755 fuisse,
989 1705 1079 1747 imo
1098 1705 1244 1761 potius
1258 1711 1488 1761 paternam

190 1793 428 1837 factionem
467 1791 669 1835 omnibus
693 1791 855 1835 viribus
884 1790 1117 1849 adjuvisse.
1176 1792 1232 1835 Ut
1256 1791 1343 1835 hoc
1369 1793 1486 1836 enim

193 1882 450 1938 credamus,
482 1881 649 1924 faciunt
673 1895 723 1924 ea
740 1912 752 1933 ‚
785 1895 902 1939 quae
929 1880 985 1924 de
1011 1880 1104 1923 filio
1130 1881 1285 1923 Mario
1310 1881 1491 1938 legimus

193 1971 315 2029 apud
349 1972 549 2015 Dionem
592 1971 808 2016 Cassium
845 1969 941 2029 (4),
974 1970 1111 2013 modo
1138 1983 1240 2013 vera
1263 1969 1374 2021 sint,
1407 1984 1491 2014 nec

235 2128 290 2174 (1)
317 2130 411 2164 mut.
450 2130 484 2163 in
516 2130 619 2163 lario
650 2142 685 2174 p.
709 2129 776 2163 ⁴26
800 2130 839 2165 C.
863 2130 904 2163 Β.
925 2130 989 2171 B„
1015 2129 1159 2174 Appian.
1184 2129 1281 2164 Alex.
1307 2127 1395 2163 Bell.
1421 2130 1499 2166 eir.

316 2191 388 2224 Lib.
417 2191 446 2223 1.
474 2202 507 2225 c.
532 2191 591 2224 82.

230 2248 376 2293 (2)1.iv.
411 2250 500 2294 Epit.
532 2250 570 2284 1..
600 2248 770 2290 LXXIX..
810 2249 907 2284 Plut.
938 2251 974 2282 in
1006 2251 1108 2283 lario
1143 2261 1178 2294 p.
1213 2250 1282 2283 429
1314 2250 1379 2289 θη
1406 2250 1497 2285 Van.

311 2310 448 2343 Patere.
483 2309 556 2344 Lib.
582 2310 630 2342 11.
658 2321 690 2344 c.
714 2310 759 2343 20
775 2334 785 2352 ,
809 2310 954 2355 Appian.
983 2310 1079 2345 Alex.
1105 2308 1193 2343 Bell.
1217 2310 1289 2344 Civ.
1312 2309 1384 2345 Lib.
1407 2310 1437 2344 1.
1461 2321 1496 2345 c.

315 2369 402 2409 84..
433 2371 522 2406 nor.
558 2370 629 2404 nh.
662 2371 729 2405 111.
761 2382 794 2406 c.
826 2372 884 2406 21.
915 2370 937 2414 §
963 2372 985 2403 9
1009 2381 1086 2412 oq„
1113 2370 1195 2403 Aur.
1226 2370 1316 2405 vict.
1351 2370 1393 2403 de
1422 2371 1494 2405 Vir.

312 2427 480 2464 lllmtrib.
504 2440 580 2474 cap.
608 2428 724 2463 [xlx.

232 2489 285 2532 (8)
309 2489 401 2523 Plut.
438 2492 472 2523 in
496 2492 596 2524 lario
619 2503 655 2536 p.
683 2490 750 2524 429
775 2491 814 2527 1).
830 2514 840 2532 ,
866 2492 1008 2536 Appinn.
1033 2491 1127 2524 Alex.
1153 2488 1240 2524 Bell.
1268 2490 1340 2526 eiv.
1368 2489 1439 2523 ub.
1466 2491 1499 2525 1.

318 2560 351 2583 c.
381 2548 440 2584 67.

231 2609 283 2654 (4)
308 2610 369 2645 nio
384 2611 472 2649 Cau.
486 2612 613 2656 tregru.
628 2612 716 2646 rom.
734 2612 763 2647 1.
776 2622 809 2657 p.
825 2611 881 2654 49,
899 2612 984 2647 Edit.
998 2612 1139 2646 Reimar.
1157 2610 1270 2653 ibique
1284 2611 1496 2654 interpretes.

1234 2689 1259 2728 4
