1872 3106
1008 225 1065 267 62

383 380 516 421 riores
549 377 731 429 fiebant,
777 383 920 420 castra
952 375 1140 419 hostium
1175 376 1430 434 capiebant,
1456 385 1498 422 et
1521 393 1669 425 omnes

382 467 596 509 Samnites
624 466 907 510 trucidabant
935 466 1016 526 (l).

435 557 616 600 Postero
652 557 724 600 die
752 557 969 601 Telesinus
994 558 1251 602 semianimis
1277 557 1594 615 reperiebatur,
1625 566 1669 604 et

377 659 469 688 non
504 647 640 689 modo
674 647 806 703 ipsius
844 655 1004 704 caput,
1047 662 1196 692 verum
1235 649 1365 692 etiam
1393 648 1668 706 Damasippi,

378 736 529 778 Marcii
569 742 612 779 et
650 736 884 780 Carrinatis
917 737 977 780 ad
1011 737 1259 781 Lucretium
1286 738 1596 793 mittebantur,
1624 744 1672 782 ut

378 826 558 869 obsessis
599 826 884 870 Praenestinis
920 834 1277 871 monstrarentur.
1336 827 1503 871 Deinde
1537 843 1674 886 quum

376 915 433 958 M.
476 916 635 959 Marius
674 916 952 960 Gratidianus
991 931 1018 960 a
1052 916 1239 960 Catilina
1273 918 1426 961 misere
1458 919 1673 962 laceratus

378 1011 422 1048 et
463 1005 717 1062 interfectus
754 1013 889 1057 esset,
923 1005 1052 1064 hujus
1079 1020 1260 1065 quoque
1284 1014 1420 1064 caput
1446 1007 1676 1054 Praeneste

382 1095 434 1139 0.
459 1096 615 1139 Mario
646 1101 864 1138 ostensum
890 1101 953 1138 est
979 1094 1064 1153 (2).

437 1272 657 1325 Quantam
698 1272 784 1316 vim
826 1273 884 1315 ad
920 1273 1110 1331 animum
1150 1273 1301 1317 Maria·
1324 1275 1670 1332 perturbandum

373 1361 576 1406 habuerit
600 1363 736 1406 visum
762 1363 1006 1407 Gratidiani
1023 1371 1179 1420 caput,
1194 1379 1246 1408 ex
1259 1378 1312 1407 eo
1326 1373 1530 1422 apparet,
1549 1367 1674 1424 quod

377 1451 435 1495 ab
469 1452 547 1494 illo
574 1451 678 1494 inde
705 1458 902 1508 tempore
926 1452 982 1495 de
1005 1454 1143 1496 salute
1167 1453 1245 1497 sua.
1279 1454 1596 1512 desperaverit,
1628 1463 1673 1499 et

380 1554 517 1597 quum
544 1554 588 1583 se
616 1554 642 1582 a
670 1539 789 1597 Sylla
814 1541 1107 1598 proscriptum
1130 1543 1380 1596 audivisset,
1412 1545 1528 1589 vitae
1541 1545 1674 1588 finem

378 1630 526 1673 facere
560 1629 847 1673 constituerit.
909 1631 1059 1685 Qualis
1087 1639 1233 1675 autem
1256 1632 1367 1676 haec
1392 1634 1491 1677 finis
1515 1634 1644 1678 fuerit
1662 1666 1675 1687 ,

379 1719 436 1762 de
470 1732 524 1761 eo
565 1719 810 1775 Scriptores
837 1720 1108 1764 dissentiunt.
1167 1721 1252 1764 Alii
1284 1721 1349 1780 (3)
1374 1723 1489 1766 enim
1519 1723 1674 1769 dicunt

381 1787 589 1852 Marium
615 1806 692 1852 sua
720 1821 810 1852 sese
835 1799 966 1852 manu
989 1809 1275 1864 interfecisse3
1308 1813 1382 1855 alii
1411 1811 1476 1871 (4)
1509 1827 1675 1857 memo-

379 1897 472 1941 riae
498 1897 815 1954 prodiderunt,
846 1898 988 1955 ipsum
1016 1907 1350 1945 concurrentem
1379 1916 1480 1946 cum
1507 1903 1674 1948 minore

350 2040 492 2050 o*

422 2136 475 2180 (1)
501 2136 572 2170 Liv.
607 2136 696 2180 Epic.
731 2135 805 2170 Lib.
842 2135 1078 2178 Lxxxvm„
1116 2138 1208 2172 Plnt.
1244 2139 1279 2171 in
1314 2139 1404 2182 Sylla
1436 2151 1472 2183 p.
1502 2139 1583 2174 471.
1608 2142 1678 2182 A..

504 2197 647 2241 Appian.
670 2197 767 2230 Alex.
792 2197 876 2230 Bell.
902 2198 972 2230 Civ.
998 2197 1056 2229 Lib
1077 2198 1106 2231 1.
1132 2209 1165 2232 c.
1191 2199 1254 2238 93,
1282 2199 1377 2232 Oros.
1401 2199 1474 2233 Lib.
1499 2199 1540 2233 V.
1563 2211 1596 2234 c.
1618 2201 1677 2236 20.

423 2259 476 2302 (2)
499 2259 568 2292 Liv.
595 2257 671 2302 Epit
699 2257 771 2292 Lib.
810 2255 1020 2292 LXXXVIII.
1038 2280 1049 2298 ,
1075 2258 1164 2292 ven.
1189 2260 1323 2293 Patere.
1347 2260 1418 2295 Lib.
1443 2260 1492 2293 11.
1520 2271 1583 2304 cap
1606 2261 1671 2302 27.

504 2319 648 2363 Appian.
668 2318 764 2352 Alex.
790 2315 878 2352 Bell.
905 2318 976 2352 Civ.
1002 2318 1075 2352 Lib.
1100 2319 1130 2353 1.
1157 2329 1231 2362 cap.
1251 2319 1321 2359 93,
1348 2320 1410 2352 Dio
1437 2321 1528 2354 Cass.
1553 2322 1631 2356 'rom
1645 2322 1676 2356 1.

503 2390 581 2422 pag.
606 2376 663 2412 54.
690 2378 778 2412 Edit.
803 2378 947 2412 Reimar.
970 2379 1122 2414 Frontin.
1149 2379 1293 2422 Strateg.
1319 2380 1391 2413 Lib.
1414 2381 1464 2416 11.
1488 2391 1564 2425 cap.
1590 2383 1624 2415 9.
1638 2393 1678 2415 ex

502 2439 547 2478 3,
574 2439 669 2472 Oros.
695 2438 767 2473 Lib.
794 2439 835 2471 V.
861 2449 935 2482 cap.
959 2439 1018 2473 21.

421 2497 471 2541 (3)
495 2499 587 2532 Plut.
626 2500 661 2531 in
689 2500 791 2532 Mario
829 2510 866 2543 p.
899 2498 967 2533 433
1004 2500 1045 2534 1).
1062 2523 1073 2542 ,
1101 2501 1187 2546 App.
1213 2501 1308 2534 Alex·
1338 2499 1423 2536 Bell.
1451 2503 1521 2536 Giv.
1545 2503 1617 2539 Lib.
1643 2503 1672 2537 Ι.

504 2569 578 2601 cap.
601 2559 659 2593 94.

423 2617 477 2661 (4)
500 2621 592 2652 Oros.
614 2621 685 2655 Lib.
714 2622 754 2655 V.
781 2633 839 2666 cap
865 2622 922 2656 21.
