1872 3106
975 248 1030 288 24

419 394 584 436 Deinde
607 395 860 438 dissentiunt
880 397 935 440 de
959 412 1076 440 anno
1102 401 1274 450 aetatis,
1302 414 1392 456 quo
1409 403 1650 447 &Marius

364 484 636 525 consulatum
675 484 901 537 invaserit,
954 488 1167 544 siquidem
1203 489 1248 531 in
1283 489 1360 531 illo
1399 490 1648 536 definiendo

361 586 431 614 sex
455 573 523 616 vel
548 579 712 628 septem
737 589 950 617 annorum
977 577 1207 621 discrimen
1231 580 1276 622 in
1299 580 1502 625 Veterum
1516 582 1651 638 scrip-

359 660 412 701 tis
441 662 667 718 reperitur.

419 752 563 795 Tertio
596 753 787 811 denique
808 756 910 798 loco
935 756 1190 799 dissentiunt
1216 757 1392 801 Veteres
1417 759 1462 801 in
1489 758 1652 804 descri-

364 842 512 884 hendo
543 844 657 886 vitae
684 844 778 902 ejus
803 845 933 888 exitu.
994 845 1076 888 Alii
1098 846 1210 887 enim
1241 846 1419 898 dicunt,
1447 848 1652 892 Marium

361 946 405 974 se
429 932 569 988 ipsum
599 933 884 985 interfecisse,
912 935 985 976 alii
1006 949 1110 978 vero
1134 949 1231 978 eum
1249 936 1305 979 ab
1331 937 1424 979 aliis
1449 938 1653 980 interem-

359 1027 450 1063 tum
481 1029 677 1065 narrant.

416 1111 541 1164 Quae
570 1112 715 1153 omnia
743 1126 878 1169 quum
905 1113 950 1154 in
978 1113 1072 1169 ipsa
1098 1114 1213 1157 vitae
1240 1115 1515 1158 enarratione
1541 1116 1647 1159 uhe-

359 1201 446 1243 rius
479 1200 736 1257 explicabo,
779 1214 871 1243 non
907 1215 1018 1258 opus
1057 1201 1252 1253 videtur,
1297 1209 1344 1245 ut
1379 1203 1435 1246 de
1459 1203 1510 1246 iis
1533 1219 1652 1248 nunc

359 1292 577 1349 copiosius
603 1306 745 1349 agam.
808 1293 954 1346 Quare
980 1291 1090 1336 haec
1118 1293 1237 1336 dicta
1265 1293 1496 1339 sufficiant.

954 1472 1050 1528 §2

730 1651 802 1694 De
837 1651 887 1694 G.
918 1647 1064 1694 Marii
1086 1666 1272 1708 genere.

412 1829 614 1874 Vitarum
640 1827 899 1883 scriptores,
931 1841 1044 1884 quos
1069 1829 1288 1873 vocabulo
1314 1829 1489 1873 Graecis
1513 1831 1646 1873 inusi-

358 1924 451 1961 tato
488 1916 959 1976 Bz'ographosyulgo
996 1931 1227 1969 vocamus,
1262 1919 1507 1975 scriptionis
1544 1933 1646 1962 suae

350 2007 522 2049 initium
549 2006 606 2048 ab
636 2020 688 2048 eo
714 2020 872 2063 capere
894 2007 1152 2063 plerumque
1181 2008 1341 2058 solent,
1365 2016 1412 2050 ut
1433 2007 1642 2058 referant,

353 2109 567 2153 quosnam
592 2095 691 2143 ille,
726 2095 781 2136 de
807 2108 898 2151 quo
926 2096 1066 2137 acturi
1095 2103 1220 2146 sunt,
1253 2102 1454 2151 parentes
1475 2095 1640 2138 habue-

353 2186 429 2235 rit,
464 2198 555 2241 quo
578 2190 774 2239 tempore
801 2189 842 2224 et
866 2197 957 2240 quo
984 2184 1085 2225 loco
1108 2191 1236 2226 natus
1263 2185 1331 2226 sit.

413 2275 545 2329 Quod
557 2274 615 2315 ad
630 2271 759 2329 hujus
775 2272 824 2315 0.
840 2273 988 2315 Marz'z'
1000 2277 1200 2327 parentes
1219 2272 1395 2323 attinet,
1415 2271 1458 2313 hi
1476 2273 1526 2316 C.
1539 2273 1642 2316 Ma-

350 2368 451 2406 rius
477 2363 632 2419 septies
660 2362 812 2404 consul
838 2367 880 2402 et
905 2361 1060 2411 Julia,
1092 2361 1223 2402 amita
1240 2360 1287 2403 C.
1304 2361 1405 2402 Julii
1420 2360 1632 2412 Caesaris,

350 2453 537 2494 fuerunt.
598 2451 739 2494 Probe
775 2450 953 2508 quidem
983 2450 1103 2500 scio,
1147 2450 1369 2508 Pz‘ghz’um
1403 2450 1465 2507 (1)
1502 2453 1670 2509 Sego--

388 2653 439 2696 (1)
463 2652 572 2695 Pighii
598 2653 719 2687 Annal.
746 2653 800 2687 ad⁴
826 2653 866 2687 A.
892 2651 932 2685 U.
956 2652 992 2684 C.
1016 2651 1096 2689 671.
