1872 3106
821 242 876 284 79

208 393 281 442 id,
321 395 371 433 in
404 406 495 450 quo
520 392 730 435 violatur
753 394 992 449 aequitas,
1029 407 1122 434 uon
1150 395 1220 435 ita
1245 407 1463 450 magnum
1476 408 1494 445 ,·

209 481 336 524 illud
370 487 550 532 autem,
594 482 724 539 quod
755 496 813 524 ex
846 496 898 525 eo
931 484 1150 539 paritur,
1189 497 1500 540 permagnum

211 572 424 614 videtur.-
468 577 522 613 ut
563 571 718 615 Mario
736 603 747 622 ,
786 573 1060 629 praeripere
1090 572 1312 631 collegis,
1345 578 1390 615 et
1416 574 1502 614 tri·-

212 661 348 703 bunis
374 660 528 718 plebis
547 661 826 720 popularem
850 664 1058 719 gratiam
1075 693 1086 713 ,
1121 677 1216 705 non
1241 665 1312 704 ita
1334 668 1500 718 turpe:

213 750 448 794 consulem
472 751 525 793 ob
553 765 652 794 eam
681 765 775 795 rem
790 750 932 808 fieri,
965 752 1095 810 quod
1119 751 1319 793 sibitum
1330 764 1506 808 propo-

213 847 400 893 suerat,
431 841 569 884 valde
598 840 713 883 utile
744 841 1000 883 videbatur.
1062 840 1160 882 Sed
1181 842 1382 882 omnium
1404 849 1515 883 una'

214 930 385 987 regula
421 934 516 980 est,
562 945 702 988 quam
739 930 826 972 tibi
857 932 993 986 cupio
1034 943 1136 972 esse
1179 932 1502 972 notissimam:

214 1027 300 1063 aut
325 1018 449 1064 illud
456 1052 468 1072 ‚
502 1021 630 1078 quod
651 1020 766 1063 utile
789 1020 1001 1071 videtur,
1035 1026 1173 1078 turpe
1199 1035 1257 1063 ne
1281 1023 1375 1075 sz't;
1399 1026 1504 1070 aut,

214 1114 260 1153 si
299 1116 436 1169 turpe
477 1117 573 1161 est,
607 1126 664 1154 ne
697 1111 917 1154 videatur
937 1125 1039 1153 esse
1068 1111 1198 1154 utile.
1264 1111 1391 1169 Quid
1415 1112 1508 1169 igi-

217 1201 331 1244 tur?
353 1215 667 1259 possumusne
689 1223 748 1231 -
772 1200 895 1243 hune
909 1202 1060 1242 virum
1077 1199 1241 1242 bonum
1246 1199 1472 1258 judicare
1485 1200 1510 1242 5²

276 1379 408 1434 Quod
450 1379 642 1438 denique
678 1379 738 1422 ad
775 1385 960 1422 mortem
986 1379 1141 1422 attinet
1168 1392 1301 1436 quam
1324 1376 1397 1421 hic
1421 1384 1512 1421 tam

215 1482 343 1513 carus
366 1470 534 1527 populo
558 1469 742 1512 Praetor
757 1469 882 1526 jussu
907 1469 1052 1527 Syllae
1076 1468 1228 1519 subiit.
1247 1469 1303 1511 de
1316 1468 1513 1525 <Qhaud

219 1561 353 1617 pauci
394 1560 628 1617 scriptores
663 1560 805 1617 questi
839 1566 958 1610 sunt.
995 1572 1180 1616 eamque
1211 1559 1388 1603 diversis
1415 1572 1512 1603 ver·

217 1649 284 1692 bis
325 1649 663 1705 descripserunt.
737 1648 798 1690 Ex
842 1646 908 1690 his
941 1662 1045 1692 vero
1085 1649 1350 1706 praecipuos
1391 1649 1516 1692 dein·

220 1752 324 1796 ceps
351 1736 583 1782 exhibebo.

283 1918 337 1976 ρ.
375 1917 534 1961 cicero
566 1915 648 1972 (ι).

278 2097 404 2156 Quid
426 2111 512 2155 ego
540 2110 667 2138 nune
694 2095 869 2145 dicam,
900 2101 1059 2152 petere
1073 2109 1175 2137 eum
1190 2096 1510 2149 consulatum,

216 2189 303 2247 qui
340 2186 567 2229 hominem
610 2186 904 2228 carissimum
942 2185 1119 2244 populo
1163 2183 1398 2238 Romano,
1444 2188 1510 2231 M.

216 2276 446 2327 Marium,
498 2277 792 2333 inspectante
834 2274 1013 2333 populo
1051 2275 1286 2327 Romano,
1333 2275 1505 2319 vitibus

213 2381 304 2424 per
324 2372 468 2411 totam
501 2366 657 2411 Urbem
684 2364 938 2409 ceciderit?
972 2368 1128 2408 stanti
1150 2365 1319 2408 collum
1342 2365 1509 2424 gladio

258 2584 312 2628 (1)
335 2584 406 2617 Cio.
441 2583 484 2618 de
502 2585 602 2629 petit.
625 2585 761 2618 con-ut.
786 2594 861 2628 esp.
886 2585 933 2624 3.
960 2586 1084 2619 Αοοοιι.
1109 2583 1195 2619 red.
1221 2584 1263 2619 nd
1288 2586 1344 2621 Or.
1371 2587 1406 2620 iu
1430 2587 1519 2630 ‘rogi

342 2644 431 2678 eund
455 2655 489 2688 p.
519 2645 595 2679 110.
