1872 3106
972 277 1000 314 (ὃ

346 423 614 477 superiorum
640 424 809 465 laudari
834 427 993 481 potuit.
1053 427 1243 481 Imperio
1269 427 1358 468 fere
1386 433 1432 469 ut
1462 431 1633 485 tyranni

343 516 600 568 praeerant,
659 521 794 570 atque
849 514 958 556 duas
994 515 1243 572 iniquarum
1286 517 1430 573 legum
1464 518 1634 562 tabulas

340 601 559 656 prioribus
601 602 840 646 addebant.
893 603 1196 661 Quapropter,
1231 618 1366 661 quum
1393 606 1438 647 in
1461 608 1634 650 tertium

343 703 530 740 annum,
573 690 664 732 sine
699 692 850 747 populi
881 692 1090 743 comitiis,
1123 694 1340 751 nullisque
1375 696 1648 753 magistrati--

339 779 422 820 bus
459 779 540 821 sibi
579 779 847 837 subrogatis,
881 781 1109 837 imperium
1144 783 1328 826 retinere
1356 785 1514 828 vellent
1540 786 1632 843 (l),

342 882 485 925 eoque
525 869 733 912 dissoluta
770 871 900 926 Appii
938 870 1077 913 libido
1118 873 1349 915 accederet
1385 874 1476 931 (2).
1509 882 1633 918 tanta

341 958 533 999 omnium
584 973 726 1000 rerum
764 959 1038 1015 perturbatio
1081 961 1225 1004 subito
1266 969 1416 1005 exorta
1457 972 1541 1014 est,
1586 972 1633 1008 ut

335 1046 460 1102 plebs
504 1047 550 1088 in
601 1054 791 1090 montem
836 1048 1095 1092 Aventinum
1136 1051 1225 1107 (3),
1281 1052 1433 1095 relicta
1485 1053 1630 1097 denuo

338 1136 477 1190 Urbe,
522 1138 768 1189 secederet,
813 1146 948 1196 atque
998 1154 1022 1181 a
1076 1140 1283 1183 militibus
1328 1141 1507 1199 adjuta,
1558 1158 1630 1186 su-

336 1226 484 1282 perbis
531 1225 780 1269 hominibus
817 1241 908 1269 non
944 1229 1079 1271 modo
1120 1230 1349 1286 imperium
1398 1238 1633 1290 extorque}-

335 1322 425 1365 ret,
481 1330 629 1359 verum
675 1317 806 1358 etiam
862 1317 971 1360 alios
1007 1318 1053 1361 in
1089 1304 1310 1362 carcerem
1355 1321 1623 1378 conjiceret.

335 1405 444 1446 alios
500 1405 649 1447 exsilio
705 1406 905 1461 puniret,
965 1406 1073 1449 alios
1130 1409 1346 1465 supplicio
1408 1411 1628 1463 afficeret,

335 1500 471 1550 atque
507 1493 846 1537 Decemviralem
885 1474 1144 1551 potestatem
1179 1498 1224 1539 in
1260 1506 1519 1555 perpetuum
1545 1502 1630 1543 tol-

332 1582 440 1624 leret
472 1581 559 1639 (4).

391 1671 475 1716 Vix
501 1678 668 1723 autem,
695 1672 867 1716 sublata
891 1651 1242 1718 Decemvirorum
1277 1677 1528 1734 tyrannide,
1551 1679 1628 1721 tri-

331 1759 511 1803 bunicia
559 1769 755 1818 potestas
794 1763 991 1805 restituta
1034 1771 1151 1815 erat,
1198 1772 1241 1807 et
1283 1780 1426 1808 rerum
1462 1780 1630 1810 summa

334 1863 480 1892 rursus
511 1850 570 1892 ad
599 1851 828 1895 Consules
854 1860 1137 1908 pervenerat,
1171 1869 1307 1911 quum
1343 1855 1498 1898 fatales
1521 1856 1629 1899 istae

334 1939 431 1981 lites
454 1940 568 1982 inter
590 1946 737 1996 patres
761 1955 815 1983 ac
837 1941 1031 1997 plebem,
1058 1957 1174 2000 quae
1201 1944 1472 2001 aliquamdiu
1493 1946 1628 1989 inter-

331 2029 484 2071 missae
510 2029 707 2080 fuerant,
741 2030 887 2072 denuo
914 2031 1240 2074 renovabantur
1268 2033 1352 2089 (5).

396 2117 574 2160 Tribuni
601 2118 767 2160 scilicet
782 2150 792 2168 ‚
812 2119 1109 2176 quamvisjam
1127 2122 1421 2175 popularitate
1435 2121 1623 2165 duorum

335 2207 583 2256 consulum,
627 2207 676 2249 L.
707 2207 867 2252 Valerii
893 2214 935 2249 et
963 2209 1018 2250 M.
1034 2208 1222 2258 Horatii,
1239 2209 1285 2250 id
1300 2223 1482 2267 quoque
1497 2210 1622 2253 adse-

347 2342 559 2350 ,ῤ’-..-

369 2426 422 2471 (1)
445 2428 514 2462 liv,
543 2428 617 2463 Lib.
637 2429 703 2462 111.
728 2439 762 2464 ο.
786 2429 844 2464 36.
868 2428 925 2464 37.

368 2487 420 2532 (2)
444 2488 514 2520 Liv.
535 2489 608 2523 Lib.
630 2490 697 2524 111.
726 2500 801 2533 cap.
824 2489 870 2522 44
893 2500 971 2532 oq„
997 2491 1137 2536 Eutrop.
1164 2491 1235 2525 Lib.
1256 2493 1284 2525 1.
1309 2504 1342 2527 c.
1371 2493 1425 2529 18.

366 2547 421 2590 (3)
444 2548 514 2582 Liv.
542 2549 614 2583 Lib.
646 2550 712 2584 111.
739 2561 814 2594 cap.
840 2550 898 2585 50.

363 2606 418 2650 (4)
440 2608 510 2642 Liv.
535 2608 606 2642 Lib.
636 2610 701 2644 111.
728 2621 806 2654 cap.
828 2609 886 2644 54.
908 2611 1046 2656 Eutrop.
1076 2612 1147 2647 Lib.
1170 2613 1200 2646 1.
1232 2623 1264 2646 c.
1289 2613 1313 2646 l.

370 2666 423 2710 (5)
451 2668 520 2703 Liv.
549 2669 620 2704 Lib.
646 2670 711 2704 111.
734 2681 809 2716 eap-
831 2670 888 2706 54.
