1872 3106
973 271 1003 313 8

347 424 479 481 igitur
501 436 635 480 quum
666 422 709 464 hi
732 423 813 479 ipsi
836 422 974 480 probe
998 422 1314 479 intelligerent,
1338 422 1512 464 tandem
1536 429 1635 479 post

343 512 603 569 multiplices
633 511 966 555 deliberationes
994 511 1269 568 plebiscitum
1295 509 1550 568 Canulejum
1576 513 1634 555 de

349 603 632 658 promiscuis
664 602 907 644 connubii-5·
936 607 1077 643 ratum
1105 599 1350 642 habuerunt
1369 598 1449 657 (1).
1509 599 1642 656 Cujus

348 691 732 732 senatus-consulti
769 690 1009 746 praecipua
1049 703 1181 732 causa
1221 689 1331 731 haec
1362 689 1468 740 fuit,
1515 689 1640 746 quod

346 786 493 836 patres
530 779 790 836 sperabant,
822 779 916 821 fore
945 785 992 821 ut
1029 779 1216 830 tribuni,
1249 778 1336 821 hoc
1358 785 1532 835 patrum
1557 777 1638 820 be-

350 869 512 911 neficio
536 875 579 911 et
604 867 773 911 liberali
799 869 1080 911 concessione
1109 868 1330 918 contenti,
1362 868 1541 910 alteram
1567 880 1640 910 ro·

350 971 403 1014 ga
411 958 570 1000 tionem
593 957 648 999 de
659 958 916 1014 promiscuis
928 957 1178 1000 consulibus
1192 957 1386 999 omissuri
1401 963 1541 999 essent
1554 955 1638 1013 (2).

350 1046 482 1100 Quod
512 1053 656 1090 tamen
680 1047 810 1103 longe
837 1047 962 1089 aliter
987 1047 1145 1090 evenit.
1206 1046 1382 1089 Tribuni
1411 1046 1525 1088 enim
1551 1044 1638 1088 bfic

349 1135 464 1179 nova
491 1136 546 1178 de
570 1143 722 1178 senatu
745 1135 969 1192 reportata
995 1136 1179 1179 victoria
1209 1136 1485 1178 audentiores
1509 1136 1643 1179 etiam

349 1223 483 1275 faeti,
527 1224 701 1266 summis
734 1223 896 1267 viribus
922 1224 1189 1267 contendere
1213 1224 1478 1282 pergebant,
1507 1232 1555 1267 ut
1577 1225 1642 1265 al-

349 1318 416 1355 ter
440 1313 666 1355 consulum
691 1327 742 1355 ex
771 1313 924 1356 ordine
951 1312 1128 1371 plebejo
1154 1314 1276 1356 fieret
1293 1314 1377 1370 (3).

406 1403 552 1460 Atque
588 1402 711 1445 dictu
747 1415 850 1444 sane
885 1402 1141 1444 incredibile
1172 1409 1259 1453 est,
1291 1416 1424 1459 quam
1450 1401 1640 1458 graviter

348 1491 459 1534 haec
491 1491 763 1533 tribunorum
796 1491 1037 1547 pertinacia
1074 1498 1247 1547 patrum
1286 1490 1453 1533 animos
1481 1503 1640 1546 percu-

348 1581 462 1624 lerit.
523 1580 657 1623 Nimis
694 1580 967 1622 temerarium
1006 1587 1049 1622 et
1082 1581 1206 1622 nullo
1242 1580 1376 1622 modo
1410 1580 1637 1622 ferendum

349 1670 437 1713 hoc
470 1670 573 1726 ipsis
608 1669 863 1720 videbatur,
908 1669 1031 1727 quod
1060 1668 1281 1720 homines,
1313 1669 1392 1726 qui
1422 1683 1506 1711 nec
1532 1683 1640 1726 gen-

349 1766 460 1820 tem,
489 1773 573 1801 nec
595 1759 787 1815 auspicia
817 1757 1052 1809 haberent,
1086 1760 1361 1801 consulatum
1389 1764 1537 1813 petere
1562 1771 1639 1800 eo-

348 1862 436 1906 que
459 1848 582 1904 fungi
605 1847 714 1891 velle
739 1847 963 1890 auderent.
1002 1847 1056 1889 Ut
1075 1848 1207 1904 igitur
1230 1862 1280 1890 ex
1294 1847 1378 1890 isto
1394 1847 1548 1889 odioso
1570 1847 1639 1904 ip-

352 1937 495 1994 sisque
530 1936 715 1979 maxime
753 1937 936 1979 molesto
975 1937 1152 1993 negotio
1191 1951 1235 1979 se
1274 1936 1549 1993 expedirent,
1596 1943 1641 1978 et

353 2027 528 2084 ingens,
573 2032 620 2067 ut
657 2025 897 2080 putabant,
931 2026 1093 2066 malum
1134 2039 1318 2082 quoquo
1356 2026 1491 2068 modo
1516 2039 1542 2068 a
1570 2040 1640 2068 re-

352 2114 534 2172 publica
574 2120 844 2164 averterent,
889 2113 1151 2164 effecerunt,
1186 2121 1233 2155 ut
1264 2115 1366 2156 loco
1404 2113 1636 2157 Consulum

359 2204 551 2247 Tribuni
585 2203 782 2245 militum
816 2202 1062 2244 consulari
1089 2208 1328 2259 potestate
1366 2216 1417 2244 ex
1450 2210 1639 2261 utroque

355 2294 508 2336 ordine
531 2298 782 2335 crearentur
805 2290 869 2348 (4)
878 2323 888 2334 .

391 2485 443 2528 (1)
466 2484 542 2517 vid.
566 2485 682 2518 Cicero
701 2484 743 2518 de
761 2482 904 2528 Republ.
926 2481 997 2515 Lib.
1018 2481 1066 2517 11.
1088 2492 1122 2517 c.
1142 2481 1201 2517 37.
1217 2504 1228 2523 ‚
1244 2482 1314 2516 Liv.
1337 2481 1410 2519 Lib.
1432 2483 1493 2519 lv.
1514 2493 1589 2529 cap.
1602 2484 1640 2517 6.

391 2543 443 2588 (2)
466 2545 537 2579 Liv.
564 2545 636 2578 Lib.
661 2545 720 2578 IV.
747 2555 822 2588 cap.
848 2542 939 2577 laud.

389 2602 444 2646 (3)
468 2604 537 2638 nv.
564 2603 635 2638 Lib.
664 2604 725 2640 1v.
750 2614 781 2636 ο.
807 2603 833 2638 ι.
885 2606 891 2610 ·

392 2663 443 2707 (4)
466 2664 534 2698 Liv.
559 2664 629 2698 Lib.
655 2665 712 2698 lv.
739 2675 770 2698 c.
798 2664 822 2698 1.
839 2686 849 2705 ,
877 2663 1014 2706 Eutrop.
1041 2661 1110 2696 Lib.
1139 2662 1185 2697 11.
1214 2672 1285 2706 cap.
1316 2663 1347 2697 1.
