1872 3106
972 230 1027 270 52

362 378 506 420 vellet.
565 377 700 421 Mater
725 379 772 421 id
794 378 933 435 probe
958 379 1214 423 intellexisse
1241 379 1434 430 videtur,
1459 382 1492 423 si
1506 396 1650 426 verum

364 473 452 517 est,
485 466 610 523 quod
639 465 862 511 Aurelius
889 470 1040 513 Victor
1060 468 1124 527 (l)
1156 475 1331 520 narrat,
1355 469 1492 526 ipsam
1513 472 1652 529 lacry-

364 569 458 599 mas
496 554 682 608 fudisse,
725 556 987 615 simulatque
1019 558 1219 602 nuntium
1246 558 1303 602 de
1328 560 1558 603 consulatu
1582 561 1658 603 filii

365 645 621 702 accepisset.

415 824 573 882 Magna
598 836 701 881 pars
723 822 853 882 hujus
877 824 981 867 anni
1007 837 1034 867 a
1055 823 1312 869 Consulibus
1335 825 1657 884 inpendebatur

365 914 425 958 ad
449 919 711 972 apparatum
739 898 968 966 bellicum,
998 920 1041 957 et
1056 928 1191 972 quum
1207 915 1311 972 ipsis
1325 929 1481 960 nervus
1494 931 1659 969 rerum,

358 1002 448 1046 hoc
488 1009 571 1054 est,
602 1002 819 1060 pecunia,
851 1003 1043 1055 deesset,
1077 1017 1131 1046 eo
1158 1007 1398 1062 coagerunt
1425 1004 1656 1057 Senatum,

363 1097 413 1133 ut
449 1104 582 1134 aurea
625 1097 760 1149 atque
800 1097 1007 1149 argentea
1043 1092 1304 1149 templorum
1329 1107 1432 1137 vasa
1458 1100 1501 1137 et
1529 1108 1661 1138 orna-

366 1186 514 1222 menta
536 1179 734 1237 undique
759 1179 1093 1237 colligerentur,
1120 1187 1256 1239 atque
1273 1195 1328 1225 ex
1349 1182 1433 1233 illis
1444 1184 1565 1227 numi
1581 1198 1660 1228 cu·

368 1267 597 1319 cierentur,
634 1281 692 1310 ne
726 1267 935 1311 militibus
966 1268 1180 1325 stipendia
1217 1271 1407 1328 persolvi
1445 1286 1536 1316 non
1560 1286 1662 1330 pos-

367 1362 462 1400 sent
499 1355 585 1414 (2).
635 1355 795 1400 Omnes
831 1363 976 1399 autem
1006 1357 1084 1400 has
1110 1372 1216 1415 opes
1243 1358 1295 1403 C'.
1325 1356 1507 1403 Marius
1532 1361 1661 1404 detu-

367 1445 419 1488 lit
456 1444 709 1495 Praeneste,
756 1444 821 1486 uti
857 1444 1218 1502 refert‚Plz'nz'us
1256 1448 1418 1505 Major
1455 1449 1549 1507 (3),
1591 1450 1662 1493 di-

370 1546 474 1576 cens
507 1553 526 1575 ι
540 1532 673 1590 Ergo
699 1538 754 1574 ut
772 1535 969 1577 maxime
997 1534 1089 1577 duo
1110 1541 1293 1579 tantum
1315 1539 1464 1582 millia
1477 1540 1659 1597 pondo,

369 1636 472 1665 cum
507 1625 649 1678 capta
680 1626 753 1663 est
778 1620 927 1665 Roma
953 1637 1079 1666 anno
1106 1617 1213 1676 364,
1229 1625 1401 1682 fuere:
1432 1650 1491 1658 ——
1517 1627 1581 1671 ita
1610 1632 1662 1672 in

370 1710 530 1754 eadem
553 1714 669 1769 post
687 1724 842 1752 annos
868 1710 981 1762 307,
1015 1693 1149 1770 quod*
1168 1729 1227 1757 ex
1257 1715 1554 1773 Capitolinae
1583 1732 1662 1761 ae-

368 1800 444 1842 dis
466 1800 681 1843 incendio
706 1799 963 1858 ceterisque
987 1801 1196 1844 omnibus
1217 1803 1424 1848 delubris
1437 1805 1487 1850 C.
1507 1807 1667 1850 Marius

374 1888 489 1931 filius
518 1889 780 1932 Praeneste
798 1888 1060 1941 detulerat,
1087 1892 1304 1936 tredecim
1325 1894 1474 1938 millia
1488 1897 1666 1954 pondo.

426 2067 594 2111 Deinde
617 2066 878 2124 simulatque
904 2081 955 2109 ex
968 2066 1169 2111 Sardinia
1183 2070 1359 2114 nuntius
1373 2072 1530 2116 allatus
1543 2081 1636 2117 erat
1649 2106 1662 2125 ,

372 2156 427 2211 Q.
458 2156 697 2200 Antonium
723 2155 977 2198 Praetorem
1002 2169 1028 2198 a
1050 2157 1197 2214 legato
1218 2158 1363 2216 Syllae
1382 2159 1431 2203 L.
1460 2160 1664 2219 Philippo

372 2246 543 2300 pulsum
571 2252 614 2287 et
651 2244 869 2294 occisum,
915 2243 1188 2303 insulamque
1209 2247 1255 2289 in
1282 2254 1544 2304 potestatem
1567 2250 1663 2308 Syl-

414 2497 468 2538 (1)
492 2498 609 2531 Aurel.
637 2498 766 2531 Victor.
794 2497 834 2530 de
858 2497 944 2530 Viris
967 2498 1096 2531 Illustr.
1119 2509 1192 2543 cap.
1219 2498 1367 2536 LXVIII.

413 2556 467 2599 (2)
491 2557 565 2590 vat.
595 2558 678 2591 Max.
704 2558 775 2590 Lib.
802 2557 865 2590 VII
889 2568 964 2600 cap.
988 2559 1023 2591 6.
1049 2558 1082 2590 4.

408 2616 460 2658 (3)
486 2617 584 2650 Plinii
609 2618 692 2651 nist.
722 2619 796 2653 Nat.
828 2617 896 2653 Lib.
923 2617 1077 2652 XXXIII.
1107 2631 1177 2663 cap.
1209 2621 1237 2652 l.
