1872 3106
989 270 1040 312 14

371 425 439 466 hev
449 429 493 465 et
518 422 600 479 (1).
643 422 870 465 Praeterea
894 422 1062 465 senatui
1089 419 1310 462 adimebat
1327 420 1498 476 judicia
1514 452 1525 473 ,
1543 434 1658 478 quac

371 512 429 554 ad
466 511 633 568 equites
660 511 946 555 transferebat
980 510 1072 569 (2),
1117 524 1199 552 nec
1232 509 1477 566 quidquam
1504 511 1657 552 immo-

369 608 464 644 tum
479 632 494 655 ,
539 602 850 659 tranquillum
891 608 935 644 et
974 603 1179 658 quietam
1203 601 1402 657 denique
1430 602 1482 641 z‘n
1506 598 1658 641 codem

369 696 500 734 statu
531 688 824 749 relinquebat
866 691 949 747 (3).

429 779 638 823 Graccho
665 779 978 821 adversabatur
1007 780 1072 821 M.
1096 779 1258 821 livius
1286 778 1478 819 Drusus
1509 782 1659 832 pater,

372 868 575 912 Gracchi
609 869 654 911 in
697 868 920 911 tribunatu
959 869 1158 924 collega,
1191 866 1510 930 quovismodo
1538 878 1663 908 sena-

368 967 459 1002 tum
488 958 749 1008 defendens,
789 964 831 1000 et
873 957 1077 1001 Gracchi
1112 957 1346 1000 conamina
1387 957 1447 998 ad
1489 956 1662 1012 plebem

367 1055 523 1092 contra
567 1048 736 1090 nobiles
779 1047 1034 1090 irritandam
1086 1046 1298 1102 impedire
1342 1046 1519 1088 studens
1566 1044 1657 1101 (4),

363 1137 425 1180 ita
466 1145 512 1180 ut
545 1137 703 1181 Cicero
735 1137 799 1195 (5)
836 1138 978 1187 dicat,
1018 1139 1172 1193 ipsam
1212 1135 1412 1177 vulnera
1436 1148 1660 1184 sanasse,

366 1243 487 1286 quae
527 1244 557 1271 a
606 1227 815 1270 Graccho
860 1227 1142 1284 reipublicae
1183 1225 1325 1267 illata
1369 1229 1540 1267 essent.
1608 1223 1664 1265 At

371 1318 440 1361 vel
463 1317 525 1360 sic
547 1323 694 1359 tamen
721 1331 787 1359 res
816 1316 993 1359 tandem
1019 1330 1071 1358 eo
1107 1313 1386 1364 deveniebat,
1416 1320 1462 1355 ut
1491 1313 1665 1356 lucius·

375 1394 586 1465 Opimius
609 1407 784 1457 consul,
807 1406 974 1462 populo
994 1404 1052 1447 ad
1075 1417 1195 1446 arma
1223 1409 1490 1453 convocato,
1515 1401 1662 1447 Grac-

370 1497 502 1540 chum
532 1510 584 1539 ex
605 1495 1003 1539 senatus-consulto
1033 1499 1379 1550 persequeretur.
1436 1491 1575 1546 Quem
1601 1491 1665 1534 vi-

367 1601 468 1631 vum
499 1567 708 1643 cepisset,
741 1585 822 1628 nisi
848 1583 920 1626 hic
958 1597 1080 1626 servo
1104 1596 1183 1624 suo
1205 1581 1418 1624 cervicem
1439 1580 1664 1636 praebuis-

367 1684 456 1728 set,
490 1676 567 1733 qui
593 1675 817 1718 dominum
845 1674 932 1717 una
962 1687 1108 1715 secum
1135 1672 1350 1714 interemit
1383 1671 1466 1729 (6).

425 1766 571 1820 Quum
610 1771 754 1807 autem
790 1763 875 1805 hoc
912 1763 1098 1804 tumultu
1126 1763 1277 1818 ingens
1302 1761 1527 1804 hominum
1550 1761 1663 1802 mul-

373 1856 516 1900 titudo
537 1854 624 1897 una
645 1868 746 1896 cum
769 1852 978 1895 Graccho
1002 1851 1251 1902 interiisset,
1273 1857 1315 1893 et
1334 1851 1492 1895 civium
1509 1851 1659 1901 animi,

374 1947 451 2004 qui
483 1945 652 1989 tamdiu
681 1943 777 2000 jam
799 1941 959 1984 mutuis
986 1940 1217 1984 discordiis
1239 1955 1263 1983 a
1288 1929 1535 1985 seinvicem
1557 1939 1663 1983 aba·

409 2192 460 2234 (1)
483 2190 571 2223 vell.
595 2189 727 2221 Paterc.
752 2185 822 2219 Lib.
846 2186 894 2219 11.
922 2196 996 2228 cap.
1023 2186 1073 2224 6.,
1102 2185 1169 2216 Liv.
1198 2185 1286 2228 Epit.
1315 2184 1384 2217 Lib.
1409 2184 1488 2224 Lx..
1516 2183 1606 2216 Plut.
1633 2185 1667 2216 in

493 2251 529 2282 G.
557 2248 709 2282 Graccho
736 2257 812 2290 pag.
837 2245 918 2279 837.
942 2246 983 2278 A.

413 2312 464 2355 (2)
489 2311 581 2344 Plut.
606 2310 641 2341 in
668 2309 706 2342 C.
732 2306 885 2340 Graccho
912 2316 986 2349 pag.
1013 2303 1092 2338 837.
1120 2305 1157 2337 B.
1187 2305 1240 2343 C..
1256 2304 1342 2338 Veli.
1369 2306 1501 2338 Patere.
1528 2303 1665 2338 Lih.11.

493 2382 567 2414 cap.
589 2370 624 2402 6.

409 2431 462 2473 (3)
487 2430 573 2462 Vell.
596 2430 729 2461 Paterc.
755 2425 826 2460 Lib.
849 2425 896 2458 11.
923 2435 954 2457 c.
978 2425 999 2456 6
1013 2447 1022 2464 ,
1043 2425 1139 2456 Cons.
1160 2435 1294 2466 quoque
1316 2425 1385 2458 Liv.
1409 2426 1496 2468 Epit.
1513 2424 1582 2459 Lib.
1599 2425 1665 2459 Lx.

412 2490 465 2533 (4)
490 2491 583 2524 Plut.
611 2490 645 2521 in
667 2490 705 2522 C.
731 2486 883 2521 Graccho
908 2497 984 2529 pag.
1011 2486 1092 2519 838.
1119 2486 1156 2518 C.
1179 2497 1231 2527 aq.

410 2549 463 2593 (5)
488 2551 603 2582 Cicero
628 2550 670 2581 de
695 2548 804 2583 Finib.
833 2546 903 2579 Lib.
930 2547 990 2582 IV.
1016 2557 1091 2590 cap.
1119 2546 1178 2581 24.

410 2610 465 2653 (6)
486 2612 554 2642 Liv.
586 2611 673 2653 Epit.
711 2609 781 2642 Lib.
817 2608 902 2646 LXI,
939 2608 1031 2641 Plut.
1060 2608 1094 2639 in
1133 2609 1170 2641 C.
1198 2607 1348 2639 Graccho
1376 2618 1410 2650 p.
1434 2606 1514 2642 842.
1543 2609 1581 2651 C.
1610 2608 1663 2645 D..

491 2670 575 2703 Van.
593 2672 723 2703 Patere.
753 2669 823 2702 Lib.
850 2669 897 2702 11.
922 2679 954 2700 c.
980 2668 1016 2700 6.
1578 2654 1583 2658 i
