1872 3106
973 263 1029 306 28

356 410 563 466 produxit
590 425 685 453 eum
715 412 773 455 ad
796 414 1085 457 consulatum.
1126 413 1271 470 Atque
1284 411 1355 456 hic
1368 414 1504 471 plebis
1516 416 1639 462 favor

355 501 413 542 ad
442 500 616 556 nuptias
640 502 893 558 splendidas
915 517 1016 546 cum
1043 503 1178 547 Julioz
1209 503 1509 548 conciliandas
1543 521 1641 550 eum

354 589 585 640 excitavit,
630 597 677 631 ut
719 591 1011 634 Plutarchus
1045 592 1109 648 (1)
1156 591 1221 634 his
1261 592 1401 636 verbis
1439 599 1640 637 testatur:

352 677 429 722 Ἐν
460 678 503 721 δὲ
536 683 586 734 τῇ
615 679 799 734 πολιτείᾳ
825 684 1056 736 γενόμενος,
1093 683 1166 725 οὐκ
1196 678 1300 740 εἶχεν
1330 683 1424 727 οὐδὲ
1443 682 1642 739 πλοῦτον,

353 767 445 811 οὐδὲ
482 768 623 822 λόγον,
668 767 728 819 οἷς
770 768 869 825 ἦγον
907 773 947 815 οἷ
984 774 1073 815 τότε
1116 773 1290 827 μάλιστα
1333 776 1548 830 τιμώμενοι
1575 777 1647 820 τὸν

352 858 495 914 δῆμον·
527 860 655 914 αὐτὴν
692 861 736 904 δὲ
773 865 848 916 τὴν
880 863 1078 908 ἀνάτασιν
1115 867 1184 907 τοῦ
1215 868 1465 920 φρονήματος
1498 866 1567 908 καὶ
1599 866 1644 909 τὸ

352 951 442 1005 περὶ
470 953 562 1000 τούς
590 954 740 1001 πόνους
769 952 972 1010 ἐνδελεχὲς
997 954 1140 1004 αὐτοῦ,
1173 955 1242 997 καὶ
1266 956 1312 996 τὸ
1336 955 1551 1011 δημοτικὸν
1576 959 1647 1009 τῆς

351 1038 529 1095 διαίτης,
560 1041 605 1085 ἕν
637 1058 718 1086 τινι
745 1043 900 1099 σπουδῇ
922 1043 1144 1098 τιθεμένων
1171 1046 1254 1089 τῶν
1289 1044 1487 1097 πολιτῶν,
1520 1045 1647 1102 ηὐξα-

352 1145 444 1173 vero
493 1134 544 1186 τῇ
588 1137 685 1188 τιμῇ
730 1135 827 1189 πρὸς
881 1133 1069 1188 δόναμιν·
1113 1134 1213 1177 ὥστε
1249 1136 1319 1177 καὶ
1354 1139 1483 1190 γάμον
1521 1140 1646 1191 γῆμαι

349 1219 558 1277 λαμπρὸν,
608 1222 737 1271 οἰκίας
784 1225 1003 1277 ἐπιφανοῦς
1042 1228 1113 1278 τῆς
1155 1227 1394 1280 Καισάρων,
1432 1224 1643 1280 Ἰουλίαν,

351 1306 398 1364 ἧς
433 1308 485 1364 ἦν
516 1310 754 1366 ἀδελφιδοῦς
781 1318 958 1372 Καῖσαρ,
1000 1317 1024 1358 ό
1052 1317 1208 1372 χρόνοις
1238 1317 1401 1372 ὕστερον
1431 1316 1647 1372 “Ρωμαίω“ν

347 1401 532 1456 μέγιστος
567 1404 791 1456 γενόμενος.
831 1401 877 1445 id
907 1410 983 1446 est.
1041 1403 1120 1448 Ad
1141 1408 1333 1462 negotia
1359 1407 1542 1450 urbana
1572 1423 1645 1451 re-

346 1507 535 1542 versus,
570 1507 718 1548 neque
739 1493 940 1543 divitiis,
975 1508 1123 1551 neque
1146 1495 1442 1552 eloquentia,
1474 1498 1642 1555 quibus

346 1580 479 1622 illius
505 1582 727 1638 temporis
744 1583 988 1639 principes
1017 1583 1267 1626 trahebant
1281 1586 1536 1642 populum,
1571 1593 1642 1628 est

347 1671 593 1713 subnixus.
657 1654 904 1714 Caeterum
930 1675 1043 1728 quia
1066 1675 1269 1716 minaces
1292 1675 1396 1731 ejus
1417 1678 1639 1732 spiritus,

349 1758 585 1815 indefessi
617 1760 827 1811 labores,
862 1763 961 1802 vita
981 1763 1260 1818 popularis,
1292 1765 1431 1819 grati
1452 1765 1518 1806 ad
1535 1765 1642 1822 ple-

351 1849 445 1891 bem
484 1854 622 1892 erant
638 1880 648 1899 ,
683 1848 935 1891 honoribus
955 1857 1210 1907 provectus
1237 1858 1309 1894 est
1334 1853 1401 1895 ad
1426 1868 1558 1910 opes,
1591 1861 1645 1897 ut

349 1939 623 1995 splendidas
667 1940 862 1995 nuptias
901 1941 1197 1992 conciliaret,
1240 1947 1381 1999 atque
1415 1958 1472 1985 ex
1499 1943 1648 1985 nobili

353 2027 608 2071 Caesarum
640 2028 771 2069 domo
799 2029 977 2070 Juliam
1002 2030 1190 2072 duceret
1212 2045 1422 2081 uxorem,
1451 2034 1639 2073 amitam

353 2116 600 2166 Caesaris,
656 2118 743 2173 qui
778 2115 1091 2166 Romanorum
1127 2124 1243 2174 post
1278 2122 1636 2175 potentissimus

337 2204 460 2260 fuit.
497 2205 640 2260 Atque
667 2217 803 2260 quum
827 2217 879 2245 ex
904 2203 992 2246 vita
1022 2205 1072 2247 O.
1102 2205 1251 2247 Marii
1269 2212 1462 2257 constet,
1495 2207 1634 2263 ipsum

347 2293 535 2349 primum
562 2292 834 2336 consulatum
861 2292 1032 2349 gessisse
1055 2292 1108 2336 A.
1132 2294 1181 2336 U.
1209 2294 1254 2337 C.
1271 2294 1379 2346 646,
1396 2295 1633 2338 admodum

348 2382 575 2424 verisimile
609 2380 714 2424 mihi
745 2381 935 2442 videtur,
969 2382 1108 2439 ipsum
1138 2382 1224 2427 hoc
1260 2392 1454 2441 tempore
1485 2386 1635 2428 matri-

348 2472 542 2514 monium
583 2486 682 2515 cum
718 2473 854 2516 Julia
891 2472 1045 2515 iniisse.
1108 2474 1240 2527 Nam,
1275 2476 1505 2531 quominus
1541 2492 1635 2520 cre-

388 2660 439 2703 (1)
464 2660 555 2694 Plut.
582 2660 616 2692 in
641 2660 741 2693 llario
766 2660 790 2694 1.
817 2660 840 2694 1.
