1872 3106
999 260 1081 302 100

1014 412 1080 453 14.

843 531 1025 573 Marius
1055 529 1245 573 Rhetor.

470 681 532 721 Ex
555 677 759 735 opinione
784 676 982 733 Gyraldz'
1000 676 1062 734 (1)
1090 676 1244 719 eodem
1269 683 1482 732 tempore,
1508 689 1599 734 quo
1618 677 1690 719 ine

413 770 469 811 ab
493 768 654 811 Ovidio
679 767 835 809 citatus
853 767 1037 808 Manus
1057 765 1228 817 floruit,
1254 766 1383 808 etiam
1409 765 1557 809 vixisse
1582 765 1694 807 diei-

415 866 485 901 tur
511 858 689 914 quidam
715 857 899 898 Marius
919 855 1118 904 Rhetor,
1145 860 1277 911 atque
1299 854 1495 897 declarat
1525 853 1695 910 63]ναὶ-

416 948 506 989 dus
529 961 573 988 se
592 947 784 999 nescire,
808 959 863 987 an
883 943 955 987 hic
975 943 1122 986 rhetor
1144 952 1187 986 et
1211 944 1282 986 ille
1307 944 1416 986 alter
1437 947 1567 1000 poeta
1586 957 1696 986 unus

414 1036 620 1092 idemque
645 1034 776 1077 homo
803 1034 956 1083 fuerit,
989 1033 1154 1090 quippe
1181 1031 1301 1090 quod
1326 1033 1498 1074 illorum
1526 1038 1695 1088 tempo-

414 1140 509 1167 rum
549 1129 706 1180 poetae
744 1123 867 1165 simul
906 1122 1035 1164 etiam
1073 1133 1223 1163 causas
1249 1121 1432 1177 egerint,
1470 1121 1538 1165 vel
1567 1121 1694 1164 fictas

415 1212 768 1257 declamaverint.

1018 1358 1084 1397 15.

859 1508 1042 1550 Manus
1073 1506 1241 1564 Nepos.

473 1658 510 1699 A
528 1656 681 1699 Tacito
698 1652 763 1711 (2)
786 1652 858 1695 hio
880 1653 991 1694 inter
1010 1652 1218 1708 prodigos
1237 1658 1279 1694 et
1297 1652 1355 1694 ob
1377 1652 1543 1710 flagitia
1565 1667 1695 1711 egen-

419 1754 482 1790 tes
507 1747 896 1792 commemoratur.
929 1753 1040 1797 quos
1068 1739 1260 1802 'lfiberius
1284 1740 1396 1798 Imp.
1425 1750 1576 1787 senatu
1603 1756 1699 1786 mo-
1777 1783 1783 1787 .

421 1834 550 1884 verit,
583 1838 658 1875 aut
688 1837 842 1887 sponte
873 1829 1029 1872 cedere
1057 1843 1206 1885 passus
1232 1830 1298 1873 sit.

1020 1980 1088 2022 16.

719 2108 897 2170 'Sextus
927 2126 1110 2169 Marius
1142 2126 1399 2182 Hispanus.

481 2277 592 2320 Huic
631 2275 846 2330 Hispano,
879 2271 1036 2314 Tiberii
1073 2270 1237 2320 amico,
1270 2271 1501 2314 immensae
1527 2272 1701 2317 divitiae

424 2381 526 2410 suae
557 2363 764 2421 perniciei
798 2361 985 2403 fuerunt.
1053 2359 1202 2400 Filiam
1230 2359 1420 2402 habebat
1447 2361 1702 2406 formosissi-

462 2529 514 2573 (1)
537 2528 673 2571 Gyraldi
701 2528 800 2570 Oper.
829 2525 921 2557 Tem.
948 2523 995 2557 11.
1028 2534 1063 2566 p.
1091 2524 1170 2556 231.
1202 2525 1242 2558 D.
1277 2526 1374 2557 Cous.
1408 2537 1543 2571 quoque
1573 2530 1706 2564 voum,

549 2589 647 2630 Oper.
674 2588 765 2620 Tom.
791 2585 858 2621 111.
881 2583 923 2616 de
946 2584 1061 2617 Poetis
1083 2585 1155 2619 Lat.
1180 2595 1214 2629 p.
1238 2584 1315 2618 241.
1341 2587 1379 2620 B.

470 2648 522 2691 (2)
540 2649 646 2681 Tacit.
669 2646 789 2680 Annal.
813 2646 847 2678 1..
872 2644 920 2678 11.
945 2655 1019 2687 cap.
1043 2643 1101 2676 ⁴8.
