1872 3106
982 246 1060 289 108

970 399 1042 441 26.

912 518 1110 561 Μανίας.

430 665 577 707 Exstat
612 665 714 707 item
742 666 787 708 in
819 666 1022 725 Corpore
1049 668 1183 711 Jurz's
1213 667 1387 710 alterius
1411 668 1559 712 Marii
1579 682 1658 713 cu-

371 753 549 810 jusdam
565 786 576 805 ‚
619 755 771 797 incerti
794 753 981 798 hominis
1009 757 1192 807 mentio,
1236 758 1293 799 ad
1317 772 1446 814 quem
1472 759 1656 816 rescrip-

379 843 430 884 sit
451 843 702 886 Maximinus
731 844 973 901 Imperator
1005 844 1087 901 (l).

972 998 1045 1040 27.

915 1142 1109 1186 Μανίας.

434 1287 660 1330 Praeterea
701 1288 829 1330 etiam
867 1288 985 1344 apud
1024 1289 1266 1332 libanium
1294 1291 1357 1347 (2)
1396 1292 1575 1348 legimus
1604 1293 1659 1335 de

379 1377 574 1434 quodam
595 1377 767 1428 Mario,
798 1392 926 1434 quem
954 1379 1026 1420 ille
1051 1379 1235 1433 scriptor
1260 1380 1396 1421 virum
1423 1381 1656 1436 ingenuum

378 1467 585 1522 appellat.
630 1467 710 1508 Hic
738 1467 989 1523 magistratu
1018 1467 1212 1523 quodam
1238 1467 1411 1511 functus
1439 1468 1566 1510 fuisse
1593 1470 1656 1511 vi·

378 1554 526 1605 detur,
568 1555 704 1611 idque
730 1533 1002 1597 Antiochiae.
1062 1555 1184 1597 Hanc
1212 1557 1324 1598 enim
1353 1556 1502 1598 urbem
1525 1557 1581 1599 de
1605 1570 1659 1599 eo

377 1643 499 1699 queri
525 1650 703 1686 testatur
731 1644 955 1686 mamm
982 1643 1066 1686 alis
1089 1628 1269 1700 epistola
1302 1645 1383 1702 (3).
1444 1646 1570 1688 Plura
1602 1646 1656 1688 de

376 1744 430 1773 eo
459 1732 578 1788 apud
602 1731 718 1774 hunc
741 1734 996 1788 scriptorem
1027 1746 1117 1776 non
1146 1734 1432 1789 reperiuntur.

981 1884 1054 1928 28.

666 2013 838 2056 Fabius
869 2014 1053 2058 Marius
1090 2015 1360 2058 Victorinus.

433 2159 692 2216 Theologus.
726 2157 896 2202 Rhetor
926 2166 968 2201 et
998 2160 1311 2203 Grammaticus
1341 2161 1457 2204 circa
1485 2175 1524 2205 a.
1554 2162 1650 2206 Chr.

377 2248 462 2290 355
497 2246 580 2304 (4).

421 2388 473 2432 (1)
496 2388 576 2421 Cod.
603 2387 726 2420 lustin.
752 2386 826 2419 Lib.
849 2385 898 2420 11.
924 2386 988 2419 Tit.
1013 2386 1078 2421 111.
1103 2387 1139 2419 1..
1166 2389 1220 2422 13.

419 2449 470 2490 (2)
494 2449 610 2481 Liban.
632 2448 778 2491 Sophist.
802 2447 906 2490 Epi-t.
933 2446 1032 2480 1044.

420 2508 471 2550 (3)
494 2507 608 2538 liban.
634 2506 778 2549 Sophist.
803 2506 905 2549 Epist.
934 2506 1035 2540 1354.

420 2566 471 2609 (4)
496 2567 582 2599 Saxii
604 2567 721 2599 Onom.
745 2566 811 2600 Lit.
832 2568 920 2610 part.
943 2566 972 2598 1.
994 2577 1070 2609 pag.
1090 2565 1177 2607 407,
1204 2567 1336 2601 Vossius
1359 2569 1456 2612 Oper.
1483 2571 1572 2603 Tom.
1596 2571 1663 2605 111.

502 2626 543 2658 de
566 2627 663 2659 poet.
686 2626 757 2658 tat.
781 2636 816 2669 p.-
841 2626 986 2660 24804.
