1872 3106
857 216 914 259 27

242 374 371 417 fuerit
397 372 637 416 naturalis
655 372 705 416 0.
740 371 888 414 Marii
905 368 1178 426 triumphalis
1192 369 1332 413 filius?
1361 371 1418 413 At
1434 384 1536 415 vero

245 464 497 525 Appianas
523 461 766 521 ignoravit,
799 461 900 520 quis
919 460 993 503 ille
1014 460 1069 503 M.
1087 460 1246 502 Marius
1264 459 1543 504 Gratidianus

230 554 409 605 suerit,
454 559 585 611 quem
612 552 700 595 alio
727 552 831 596 loco
862 550 927 610 (l)
958 550 1095 608 ἕτερον
1131 554 1324 608 Μάριον,
1357 550 1444 593 alio
1475 549 1540 608 (2)

243 650 389 687 autem
432 644 506 687 τὸν
546 642 792 698 ἀδελφιδοῦν
831 643 1001 699 Μαρίου
1031 645 1102 687 τοῦ
1131 644 1376 699 περιφανοῦς
1399 641 1544 684 nomi-

246 746 355 776 nare
391 713 589 785 videtur,
633 739 677 776 et
717 746 743 775 a
783 732 939 784 nobis,
983 733 1058 776 ubi
1089 732 1145 775 de
1172 731 1258 775 hoc
1286 730 1544 775 Gratidiano

252 835 448 880 agemus,
480 822 614 865 fusius
635 822 920 865 indicabitur.
980 822 1160 866 Interim
1182 828 1330 864 tamen
1354 820 1545 865 conferri

250 911 430 955 omnino
462 918 709 961 merentur,
753 924 870 969 quae
914 911 971 954 de
1000 910 1087 955 hoc
1124 917 1383 969 argumento
1409 911 1546 953 Peri·

249 1003 415 1044 somus
445 998 512 1058 (3)
544 1000 724 1058 copiose
752 1001 968 1058 exposuit.

304 1090 403 1133 lam
426 1096 572 1133 autem
594 1090 834 1147 quaeritur,
859 1104 953 1148 quo
979 1097 1177 1148 tempore
1194 1092 1246 1136 G.
1260 1093 1446 1136 Man‘us
1458 1090 1546 1133 hoc

250 1179 577 1223 matrimonium
612 1179 770 1223 inierit.
827 1179 890 1223 De
929 1193 983 1224 eo
1007 1179 1118 1223 nihil
1144 1181 1266 1238 apud
1291 1187 1457 1224 veteres
1481 1181 1549 1223 in-

249 1270 467 1315 venimus:
499 1283 671 1320 verum,
706 1268 739 1311 si
756 1270 815 1312 ad
838 1269 972 1314 verbu
987 1269 1245 1314 Plutarchi
1257 1269 1322 1327 (4)
1350 1269 1551 1312 animad-

247 1358 478 1410 vertimus,
512 1358 755 1402 admodum
780 1358 1010 1403 verisimile
1032 1358 1232 1410 videtur,
1265 1359 1317 1403 0.
1348 1359 1552 1402 Marium

248 1461 342 1492 non
378 1449 500 1506 prius
528 1462 707 1492 uxorem
735 1448 929 1500 duxisse,
963 1462 1098 1506 quam
1127 1448 1272 1505 primo
1298 1448 1545 1491 consulatu.

249 1537 353 1581 Erat
396 1538 531 1582 homo
575 1552 738 1590 novus,
786 1538 865 1596 qui
902 1551 1048 1596 neque
1092 1537 1252 1581 divitiis
1286 1537 1548 1587 instructus,

250 1640 396 1685 neque
434 1627 686 1685 eloquentia
723 1627 915 1671 munitus
942 1634 1079 1678 esset,
1112 1626 1274 1685 quibus
1298 1626 1414 1670 illius
1443 1634 1552 1670 tem-

252 1716 374 1773 poris
412 1715 633 1773 principes
672 1717 885 1773 populum
920 1716 965 1759 iu
1003 1729 1102 1758 suas
1126 1723 1274 1773 partes
1300 1715 1549 1761 trahebant.

252 1804 449 1848 Debebat
485 1805 616 1863 igitur
644 1806 802 1849 virtute
826 1805 985 1848 bellica
1012 1805 1181 1847 aditum
1207 1805 1267 1847 ad
1289 1803 1478 1848 honores
1506 1812 1551 1849 et

255 1908 361 1952 opes
387 1894 580 1951 aperire,
613 1902 657 1938 et
695 1896 849 1952 populi
879 1895 1073 1938 favorem
1105 1893 1216 1937 bene
1250 1894 1460 1937 merendo
1492 1894 1549 1938 de

255 1983 482 2042 republica
519 1983 600 2027 sibi
634 1985 889 2028 conciliare.
949 1985 1076 2027 Hunc
1113 1998 1217 2028 vero
1252 1984 1448 2029 favorem
1473 1984 1552 2028 de·

253 2086 371 2116 mum
394 2073 581 2130 adeptus
602 2080 665 2116 est
688 2074 806 2117 bello
826 2074 1100 2130 Iugurthino.
1141 2074 1249 2117 Nam
1273 2089 1411 2133 quum
1434 2074 1549 2118 illius

257 2163 419 2207 assidui
457 2162 631 2207 labores
655 2170 699 2206 et
728 2164 812 2207 vita
841 2165 1066 2221 popularis
1089 2165 1351 2216 effecissent,
1379 2172 1427 2208 ut
1449 2178 1550 2223 gra·

254 2255 315 2300 tit
356 2256 590 2313 campestri
629 2256 822 2313 valeret,
861 2257 985 2314 plebs
1023 2257 1263 2302 honoribus
1286 2259 1550 2303 mandandis

294 2447 349 2493 (1)
371 2449 513 2494 Appinn.
538 2449 634 2483 Alex·
660 2445 748 2482 Bell.
774 2449 845 2484 (Σίν.
870 2450 907 2484 1..
933 2461 966 2483 c.
991 2462 1023 2484 c.
1049 2451 1107 2484 ⁶⁶.

297 2509 350 2553 (2)
372 2509 514 2554 Appius.
540 2510 637 2544 mex.
662 2509 750 2544 nen.
774 2510 846 2544 civ.
871 2510 908 2544 1..
934 2522 967 2546 ο.
993 2523 1025 2545 0.
1051 2510 1108 2545 87.

297 2568 352 2615 (3)
374 2570 527 2605 Ρεῑίιοιι.
551 2570 725 2604 uim-dv.
750 2570 837 2605 mut.
863 2571 943 2616 Cup.
970 2572 1021 2605 1¹1
1048 2583 1066 2605 ι
1093 2583 1168 2615 pag.
1194 2573 1353 2606 98.-103.

298 2628 351 2673 (4)
375 2630 466 2665 runt.
493 2630 528 2664 in
553 2631 654 2678 uuio
679 2642 712 2674 p.
737 2629 805 2664 ⁴08
828 2631 865 2665 r.
