1872 3106
868 236 923 277 59

255 389 498 433 binovanus
534 392 756 446 praeerat.
794 387 1022 432 consilium
1052 395 1262 445 ceperunt
1296 390 1547 433 transeundi

254 480 315 523 ad
353 486 500 536 partes
536 479 750 537 Syllanas.
825 478 967 534 Quam
999 478 1257 522 seditionem
1285 492 1388 523 vero
1413 493 1550 538 quum

255 569 556 614 Albinovanus
595 569 829 626 reprimere
870 568 1049 627 quidem
1089 569 1246 620 vellet,
1291 582 1376 613 nee
1405 576 1552 613 tamen

254 665 424 717 posset,
458 662 574 703 clam
598 658 799 702 mittebat
825 657 1025 701 nuntium
1051 657 1111 700 ad
1133 658 1319 717 Syllam,
1346 658 1424 717 qui
1446 657 1550 702 huic

255 749 446 800 diceret,
477 763 523 792 se
548 748 651 792 item
670 749 780 792 velle
801 747 934 805 ipsius
957 753 1104 805 partes
1117 748 1266 806 sequi,
1284 747 1420 791 modo
1432 747 1550 805 prius

259 839 431 882 veniam
455 838 512 881 ab
539 839 636 896 ipso
663 838 949 895 impetrasset.
1011 837 1080 880 Ad
1107 850 1223 895 quae
1247 837 1366 895 Sylla
1392 850 1553 881 renun-

258 927 358 970 tiari
388 926 518 985 jussit
551 926 855 977 Albinovano,
899 940 944 969 se
979 926 1060 984 ipsi
1098 928 1245 970 omnia
1275 927 1554 970 condonatu-

262 1029 359 1059 rum
393 1029 505 1067 esse,
550 1015 687 1059 modo
721 1016 842 1073 prius
883 1015 1157 1059 memorabili
1196 1015 1393 1074 quodam
1432 1015 1555 1059 facto

258 1105 537 1156 ostendisset,
576 1118 620 1147 se
660 1104 840 1163 dignum
878 1119 986 1157 esse,
1017 1105 1088 1148 cui
1117 1107 1256 1164 gratia
1283 1106 1553 1150 redderetur.

255 1197 455 1253 Accepto
489 1194 577 1238 hoo
596 1195 775 1246 nuntio,
798 1195 954 1239 invitat
979 1195 1277 1240 Albinovanus
1301 1195 1555 1240 Norbanum

254 1298 357 1328 eum
381 1285 534 1342 legatis
558 1285 665 1336 suis,
694 1285 928 1343 Antipatro
955 1290 998 1328 et
1024 1284 1239 1337 Fimbria,
1272 1285 1455 1343 aliisque
1469 1285 1553 1329 du·

263 1373 388 1418 cibus
412 1388 586 1417 suarum
597 1374 788 1431 partium
806 1375 865 1418 ad
878 1387 1086 1425 coenam,
1105 1387 1270 1432 eosque
1291 1370 1464 1427 omnes,
1483 1389 1557 1418 ex·

254 1471 387 1523 cepto
407 1465 502 1509 solo
526 1464 759 1516 Norbano,
786 1465 864 1523 qui
888 1477 979 1507 non
991 1469 1193 1515 venerat,
1208 1463 1396 1507 interfici
1413 1471 1553 1510 curat.

259 1554 349 1597 Ista
374 1561 520 1598 autem
534 1554 795 1599 Albinovani
812 1567 913 1598 cum
929 1554 1189 1597 crudelitate
1201 1553 1442 1612 conjuncta
1457 1568 1557 1611 per-

255 1642 365 1687 fidia
404 1642 518 1687 adeo
548 1642 818 1700 percellebat
846 1643 1039 1686 animum
1061 1643 1282 1696 Norbani,
1316 1651 1364 1686 ut
1393 1644 1555 1687 nemini

262 1732 447 1789 amplius
472 1731 742 1784 confideret,
774 1745 857 1775 nee
883 1746 928 1775 se
955 1732 1107 1775 melius
1135 1732 1246 1790 quid
1273 1746 1402 1791 agere
1429 1747 1556 1791 posse

257 1820 479 1872 crederet,
521 1834 658 1878 quam
697 1827 747 1864 ut
773 1820 895 1864 illico
917 1833 1018 1863 suos
1043 1821 1284 1875 desereret,
1318 1820 1551 1865 Rhodum-

254 1923 344 1968 que
378 1923 423 1952 se
461 1909 695 1954 conferret.
763 1909 851 1953 Sed
893 1923 1031 1968 quum
1064 1923 1118 1953 eo
1160 1909 1367 1962 venisset,
1414 1916 1549 1969 atque

256 1998 375 2057 Sylla
412 2012 515 2043 mox
551 2014 577 2043 a
602 1998 789 2043 Rhodiis
817 1999 1083 2057 postularet,
1116 2005 1165 2041 ut
1192 1999 1272 2042 sibi
1298 1998 1551 2043 Norbanum

255 2089 505 2141 traderent,
554 2095 689 2147 atque
727 2089 771 2132 hi
812 2089 869 2132 de
899 2089 983 2132 isto
1021 2089 1205 2132 consilio
1233 2088 1550 2143 deliberarent3

255 2178 487 2223 Norbanus
507 2181 571 2223 rei
596 2179 758 2223 exitum
783 2191 875 2222 non
900 2185 1176 2236 exspectans,
1209 2179 1253 2221 in
1278 2178 1425 2223 medio
1449 2178 1548 2223 foro

253 2275 440 2313 mortem
467 2282 546 2311 suo
571 2267 655 2312 sibi
683 2268 833 2327 gladio
859 2268 1070 2312 conscivit
1097 2268 1182 2326 (1).

317 2447 450 2503 Quod
485 2448 543 2491 ad
579 2447 823 2492 Carbonem
848 2448 1024 2500 attinet,
1052 2450 1251 2506 quamvis
1278 2453 1547 2499 calamitates

294 2635 347 2682 (Ι)
376 2638 518 2683 Appi-u.
545 2637 638 2671 Alex.
665 2635 746 2668 nen.
771 2635 839 2669 civ.
868 2635 936 2669 Lib.
965 2637 992 2670 Ι.
1026 2648 1057 2668 c.
1082 2637 1137 2670 m.
