1872 3106
970 261 1028 303 26

362 413 501 458 hocce
526 413 781 457 Plutarchi
803 420 890 464 est,
923 413 1164 470 excogitari
1187 417 1321 469 queat
1353 410 1453 469 (1)?
1495 412 1647 457 Nonne

354 498 468 545 illud'
487 516 568 545 nos
595 502 754 545 diserte
767 502 912 553 docet,
934 503 985 547 0.
1006 503 1211 545 Marium
1229 501 1366 543 filium
1382 502 1647 546 naturalem

363 594 413 637 C.
445 594 594 635 Marii
615 593 771 649 septies
791 593 980 636 consulis
999 592 1159 635 fuisse?
1199 593 1361 637 Verum
1383 591 1540 634 dixerit
1559 591 1650 634 for-

359 692 470 726 tasse
502 696 592 726 non
617 696 774 725 nemo:
806 682 959 736 Quid?
1018 681 1173 724 Nonne
1201 680 1451 739 Appianas
1473 686 1654 724 testatur

355 772 473 815 hunc
491 772 542 816 0.
558 773 763 815 Marium
780 770 888 814 clari
901 771 1196 814 Marz'z'filium
1211 772 1482 829 adoptivum
1493 770 1652 814 fuisse?

357 864 445 906 Fae
481 863 623 919 ipsum
660 860 746 903 hoc
785 861 962 911 dixisse,
1001 861 1126 918 quod
1157 867 1304 903 tamen
1331 860 1482 904 fecisse
1511 874 1651 917 nego,

357 967 462 996 num
496 958 730 1008 propterea
752 949 882 1007 hujus
905 950 1130 1006 scriptoris
1155 950 1288 993 verba
1317 949 1497 1007 majoris
1525 950 1655 992 aesti-

359 1041 523 1084 manda
563 1047 726 1091 essent,
773 1053 909 1097 quam
944 1039 1225 1082 certissimum
1253 1038 1510 1082 Plutarchi
1535 1039 1656 1083 testi-

354 1132 549 1175 monium
587 1138 630 1175 et
659 1131 922 1185 scriptorum
950 1129 1206 1171 Latinorum
1231 1127 1317 1171 hac
1344 1129 1400 1171 de
1426 1143 1474 1171 re
1512 1130 1650 1172 altum

356 1221 601 1264 silentium?
636 1219 724 1262 Sed
748 1219 783 1262 si
799 1233 890 1262 rem
917 1218 1166 1261 accuratius
1191 1218 1539 1269 consideramus,
1555 1216 1652 1275 Ap-

347 1313 546 1368 pianum
563 1323 590 1352 a
602 1308 781 1367 reliquis
804 1306 1089 1365 scriptoribus
1103 1307 1277 1349 minime
1291 1306 1517 1350 dissentire
1527 1307 1652 1352 vide-

355 1402 522 1453 bimus,
554 1414 638 1444 nec
665 1399 721 1442 de
752 1400 973 1457 adoptivo
997 1397 1091 1439 filio
1114 1410 1299 1453 usquam
1322 1396 1521 1439 locutum
1547 1410 1651 1440 esse.

412 1491 603 1533 Primum
630 1488 744 1532 enim
760 1519 771 1539 ,
804 1487 878 1529 ubi
911 1485 976 1544 (2)
1010 1485 1066 1528 de
1089 1485 1172 1527 illis
1198 1485 1434 1527 duodecim
1459 1485 1561 1528 viris
1583 1486 1651 1528 lo-

357 1579 532 1637 quitur,
577 1592 690 1635 quos
724 1577 844 1634 Sylla
875 1575 1021 1618 hostes
1045 1574 1213 1632 patriae
1243 1574 1509 1626 declaravit,
1542 1575 1656 1617 inter

343 1658 453 1711 'illos
479 1665 750 1710 recte-refert
783 1666 835 1709 0.
868 1666 1072 1707 Marium
1090 1663 1311 1720 juniorem
1328 1695 1339 1714 ,
1373 1678 1562 1721 eumque
1585 1665 1656 1707 di..

354 1767 465 1803 serte
503 1761 692 1815 Μάριον,
738 1757 811 1800 τὸν
851 1755 983 1806 ἑξάκις
1021 1755 1291 1803 §namnam
1335 1754 1466 1798 παῖδα
1502 1762 1651 1799 vocat.

350 1850 516 1893 Deinde
550 1848 639 1891 alio
676 1848 779 1889 loco
806 1844 897 1903 (3),
931 1845 1007 1887 ubi
1035 1845 1094 1886 ad
1127 1845 1179 1888 C.
1210 1845 1416 1888 Marium
1456 1853 1651 1902 patrem,

351 1942 397 1982 in
431 1938 594 1982 finibus
629 1935 916 1980 Numidarum
958 1933 1250 1987 hiemantem,
1290 1935 1556 1978 necessarios
1577 1950 1653 1979 ve-

351 2029 462 2072 nisse
498 2033 674 2077 narrat,
714 2026 828 2068 inter
853 2025 951 2065 illos
980 2026 1051 2067 καὶ
1082 2026 1154 2068 τὸν
1176 2027 1291 2068 &adv
1322 2025 1445 2068 αὐτοῦ
1482 2025 1652 2082 Μαρίου

351 2117 609 2161 nominatim
636 2114 783 2158 refert.
820 2114 976 2156 Nonne
1003 2127 1056 2155 ex
1083 2112 1148 2155 his
1175 2114 1277 2155 satis
1303 2120 1424 2156 certo
1448 2120 1644 2168 constat,

349 2208 631 2265 Appianum*
644 2203 819 2247 minime
848 2202 1089 2253 dubitasse,
1108 2203 1216 2259 quin
1233 2203 1284 2246 C.
1302 2203 1486 2245 Marius
1495 2201 1650 2260 junior

389 2425 518 2469 (1)Ad
552 2423 742 2457 Plutarchi
777 2421 1002 2455 testimonium
1029 2421 1130 2464 jungi
1164 2423 1278 2464 potest
1315 2422 1407 2454 aliud
1445 2422 1551 2458 Diod.
1591 2423 1651 2456 So·-

474 2485 547 2518 culi
569 2486 662 2519 Tom.
683 2484 730 2517 11.
751 2494 785 2527 p.
796 2482 875 2515 541.
899 2481 946 2514 Ed
960 2482 1104 2516 Wessel.
1117 2504 1127 2522 ,
1150 2482 1210 2514 ubi
1229 2481 1354 2515 dicitur
1366 2482 1480 2520 Κάϊος
1489 2482 1647 2528 Μάριος,

473 2545 557 2582 νέως
581 2543 648 2585 ὢν,
675 2542 693 2575 ὃ
719 2542 867 2588 Μαρίου
890 2543 956 2575 τοῦ
982 2541 1155 2580 πολλάκις
1180 2542 1431 2580 ὑπατευκότος
1456 2549 1555 2581 παῖς.

387 2605 442 2648 (2)
465 2605 606 2648 Appiau.
632 2605 729 2638 Alex.
756 2602 842 2637 Bell.
868 2603 938 2636 civ.
965 2603 1000 2636 L.
1028 2604 1057 2635 1.
1083 2615 1113 2637 e.
1141 2603 1199 2637 60.

388 2665 610 2710 (manippum.
637 2665 732 2699 Alex.
759 2664 842 2698 Bell.
869 2665 938 2696 Civ.
964 2665 999 2698 L.
1027 2675 1060 2699 c,
1088 2675 1119 2699 o.
1146 2664 1203 2697 62.
