1872 3106
887 222 943 264 43

268 384 360 427 est,
403 377 531 419 istum
568 374 983 420 Pseudo-Marium
1013 373 1128 416 adeo
1158 373 1335 415 stultum
1359 378 1402 414 et
1426 372 1550 426 inep-

268 473 362 508 tum
399 466 552 516 fuisse,
594 472 642 509 ut
675 478 835 508 nomen
862 465 958 523 ejus
981 464 1245 522 ignorasset,
1278 460 1405 519 quus
1429 475 1474 504 se
1494 459 1551 503 fi·

270 557 375 598 lium
404 555 612 614 jactaret.
672 556 781 600 Nam
807 560 841 599 si
864 554 1029 622 coujux
1058 554 1110 599 C.
1141 554 1312 603 Marii,
1346 550 1474 608 cujus
1497 550 1552 593 fi-

265 646 371 688 lium
397 659 443 688 se
468 644 618 688 haberi
642 645 838 696 volebat,
865 644 1004 687 Mucia
1032 643 1201 692 fuisset,
1218 649 1323 685 tunc
1338 641 1552 684 Licinium

268 733 467 777 Crassum
503 735 627 777 nullo
660 734 795 778 modo
834 747 963 778 avum
986 747 1110 776 suum
1137 732 1362 789 appellare
1387 731 1555 787 potuis·

267 830 357 874 set,
400 824 568 881 quippe
606 823 729 881 quod
768 829 873 866 tune
903 823 1037 879 ipsius
1068 828 1197 880 pater
1224 822 1411 865 Marius
1435 827 1480 865 et
1503 821 1552 864 L.

268 911 458 956 Licinius
479 912 654 956 Crassus
677 912 821 957 leviri
839 912 1029 956 fuissent.
1090 912 1242 970 Neque
1266 912 1398 955 etiam
1428 911 1557 956 Cice·

269 1016 451 1051 ranem.
483 1003 560 1060 qui
587 1002 642 1056 Q.
663 1001 806 1045 Mucio
827 1001 1039 1045 Scaevola
1066 1001 1241 1060 Augure
1262 1008 1304 1044 et
1318 1001 1366 1045 L.
1385 1001 1554 1043 Licinio

267 1090 422 1135 Crasso
455 1098 545 1134 tam
582 1091 853 1136 familiariter
879 1106 980 1135 usus
1006 1091 1180 1145 fuerat,
1210 1091 1438 1136 nescivisse
1459 1105 1556 1135 cre·

268 1181 355 1231 do,
400 1181 628 1224 Liciniam
660 1181 783 1225 Marii
822 1195 1001 1224 uxorem
1036 1181 1191 1235 fuisse,
1221 1182 1256 1224 si
1285 1181 1466 1239 quidem
1496 1181 1556 1224 ad

265 1270 458 1313 Atticum
487 1270 544 1313 de
567 1271 938 1315 Pseudo-Mario
969 1270 1180 1322 scribens,
1213 1269 1279 1314 his
1301 1269 1443 1313 verbis
1467 1270 1554 1312 uti·

265 1365 361 1411 tur,
393 1360 527 1403 doleo
553 1359 605 1403 L.
642 1360 814 1405 Crassi
838 1365 1047 1417 nepotem
1076 1358 1161 1417 (l).

324 1449 551 1492 Undenam
588 1449 721 1507 igitur
763 1447 1055 1506 Glandorpio
1083 1455 1126 1491 et
1159 1447 1334 1492 Orellio
1362 1448 1407 1490 in
1434 1460 1556 1490 men-

262 1544 348 1581 tem
371 1539 537 1582 venerit
560 1538 763 1590 seribere,
791 1553 981 1582 uxorem
996 1538 1146 1582 Marii
1144 1537 1311 1596 fuisse
1325 1538 1555 1589 Muciam,

266 1640 357 1670 non
388 1628 542 1678 video,
584 1628 664 1671 nisi
699 1627 879 1671 fortasse
903 1627 1166 1684 respexerint
1192 1627 1250 1669 ad
1276 1626 1409 1670 verba
1436 1626 1556 1670 Plu·

268 1718 426 1762 tarchi
448 1717 513 1775 (2)
530 1749 542 1768 ,
575 1717 652 1775 qui
681 1718 736 1774 Q.
767 1718 956 1761 Mucium
978 1716 1234 1761 Scaevolam
1251 1717 1469 1774 Augurem
1483 1718 1555 1762 τὸν

265 1811 464 1866 πενθερὸν
498 1821 707 1852 socerum
731 1806 853 1850 Harii
887 1806 1111 1862 appellat,
1145 1819 1282 1863 quum
1307 1819 1459 1862 reapse
1482 1805 1555 1850 hic

266 1912 391 1942 socer
413 1897 551 1941 soceri
577 1896 720 1939 fuerit.
781 1896 941 1942 Verum
968 1895 1140 1938 videtur
1165 1895 1455 1938 Plutarchus
1478 1895 1555 1938 ino

265 1990 367 2031 loeo
403 1987 488 2030 hoc
522 1985 785 2030 vocabulum
815 1987 1087 2043 πενθερὸν
1115 1984 1261 2028 latiori
1285 1999 1410 2028 sensu
1436 1998 1554 2028 sum·

262 2077 378 2121 sisse.
437 2077 605 2119 Mecum
635 2081 754 2119 certe
782 2075 949 2118 faciunt
972 2076 1228 2133 interpretes
1257 2075 1315 2118 ad
1339 2075 1553 2133 Epistola·

266 2168 506 2212 Ciceronis
546 2166 605 2209 ad
645 2165 837 2208 Atticum
871 2163 966 2222 (3),
1000 2164 1076 2222 qui
1107 2165 1154 2208 L.
1187 2164 1401 2208 Licinium
1429 2165 1555 2210 Cras·

261 2271 356 2301 sum
382 2257 746 2300 Pseudo-Marii
766 2270 893 2302 avum
908 2262 1151 2301 maternum
1168 2256 1408 2313 appellant.
1437 2256 1554 2311 Quin

305 2514 357 2555 (1)
379 2515 448 2547 Cic.
478 2516 510 2547 in
537 2517 636 2559 oper.
658 2514 745 2546 laud.
770 2513 842 2547 Lib.
869 2514 955 2546 xlv.
982 2514 1086 2557 Epist.
1105 2516 1139 2546 8.

304 2572 357 2614 (2)
380 2573 470 2605 runt.
495 2574 528 2605 in
551 2574 652 2607 Herio
677 2585 708 2615 p·
732 2572 810 2605 425.
835 2573 872 2606 P·

304 2633 355 2674 (3)
382 2633 508 2677 interp.
532 2634 574 2666 ed
600 2634 667 2667 Cic.
695 2633 796 2677 api-t.
825 2632 863 2666 nd
891 2634 1040 2667 Atticum
1064 2633 1134 2668 Lib.
1163 2633 1224 2667 ΧΗ
1246 2634 1348 2677 Epist.
1374 2635 1427 2666 40.
