1872 3106
975 267 1029 310 18

368 417 511 462 Marii
543 419 587 459 in
615 417 777 475 Syllam
814 418 1052 459 exoriretur
1081 417 1256 468 odium,
1289 431 1340 460 ex
1369 418 1474 461 odio
1510 427 1654 464 autem

369 509 668 552 exardesceret
711 507 872 550 bellum
916 509 1053 550 civile
1085 506 1169 564 (l).
1241 507 1322 549 Diu
1364 508 1460 565 jam
1501 510 1658 568 iniquis

370 599 509 658 oculis
546 597 802 654 adspexerat
844 597 1029 640 Marius
1076 598 1258 655 gloriam
1299 597 1446 655 Syllae
1479 598 1527 641 in
1568 599 1658 642 dies

367 694 648 730 crescentem.
701 686 840 730 Causa
864 676 1070 742 primaria
1095 685 1224 743 hujus
1245 688 1435 730 invidiae
1458 695 1658 744 repeten-

369 777 427 819 da
474 784 536 819 est
586 776 642 818 ab
681 790 734 818 eo
785 777 990 832 temporis
1029 783 1275 827 momento,
1322 791 1414 834 quo
1457 776 1660 820 Bocchus

368 865 626 923 Jugurtham
671 866 721 909 L.
757 866 959 909 Cornelio
1002 865 1168 923 Syllae,
1209 867 1286 923 qui
1325 872 1416 908 tum
1453 873 1661 922 quaestor

366 954 511 999 Μανία·
548 963 642 999 erat
672 955 766 1013 (2),
814 956 958 998 vivum
997 955 1194 1000 tradidit.
1272 955 1415 1010 Quum
1463 957 1576 998 enim
1613 955 1660 998 id

366 1047 428 1089 ita
456 1046 683 1096 evenisset,
723 1051 765 1087 et
791 1045 976 1087 Marius
1002 1045 1058 1086 de
1084 1043 1297 1102 Jugurtha
1326 1044 1657 1101 triumphasset.

371 1135 488 1193 Sylla
527 1133 768 1192 Jugurthae
801 1133 879 1176 sibi
916 1148 942 1176 a
976 1134 1158 1176 Boccho
1187 1134 1336 1176 traditi
1363 1133 1539 1176 laudem
1579 1133 1660 1176 ho-

326 1210 328 1213 *
368 1226 464 1268 nori
492 1225 654 1268 ducere
680 1230 723 1266 et
745 1223 967 1266 celebrare
989 1223 1184 1279 inprimis
1207 1223 1375 1280 coepit,
1398 1224 1507 1280 quin
1529 1225 1659 1266 etiam

368 1315 415 1357 id
446 1315 587 1371 ipsum
615 1313 781 1355 factum
808 1313 853 1355 in
880 1312 1077 1370 gemma,
1108 1310 1197 1369 qua
1222 1312 1370 1354 literas
1397 1325 1495 1354 suas
1517 1312 1662 1370 obsig-

367 1418 474 1446 nare
497 1403 691 1453 solebat,
724 1402 861 1458 scalpi
887 1401 1079 1451 curavit,
1114 1407 1161 1443 ut
1189 1401 1322 1444 tradit
1349 1401 1539 1443 Plinius
1558 1400 1644 1458 (3).

431 1493 555 1547 Quae
582 1491 727 1548 Syllae
762 1490 1012 1547 arrogantia
1046 1490 1160 1532 adeo
1188 1491 1391 1533 Marium
1427 1489 1582 1532 urebat
1618 1496 1661 1532 et

369 1580 699 1630 inflammabat,
726 1586 774 1622 ut
797 1580 900 1622 inde
929 1586 1079 1635 aperta
1109 1578 1330 1621 discordia
1369 1579 1481 1621 inter
1519 1585 1661 1621 utros-

368 1686 456 1730 que
490 1677 534 1714 et
567 1668 848 1726 implacabile
877 1668 1027 1711 odium
1060 1670 1199 1725 repeti
1229 1668 1413 1719 debeat,
1447 1668 1662 1725 quemad-

370 1762 551 1804 modum
576 1773 601 1802 e
628 1757 889 1802 Plutarcho
917 1759 1125 1814 cognosci
1147 1764 1290 1814 potest
1309 1757 1396 1815 (4).
1447 1758 1531 1803 Vix
1550 1758 1664 1800 enim

370 1852 420 1895 L.
451 1849 654 1894 Cornelio
678 1848 823 1905 Syllae
841 1847 1070 1903 imperium
1092 1847 1196 1890 belli
1211 1847 1661 1902 Mz‘tkrz‘datz'cz'man-

371 1943 525 1985 datum
573 1945 690 1990 erat,
744 1937 871 1995 cujus
921 1937 1223 1993 cupidissimus
1267 1937 1410 1979 fuerat
1448 1937 1660 1988 Mamm,

373 2043 511 2088 quum
547 2028 621 2070 hic
649 2040 787 2070 novas
815 2039 882 2069 res
907 2025 1077 2068 Romae
1105 2027 1329 2068 moliretur
1346 2057 1358 2079 ‚
1388 2033 1522 2082 atque
1546 2039 1661 2068 cres-

373 2119 490 2163 centi
517 2117 661 2175 Syllae
688 2115 809 2158 laudi
840 2114 1207 2159 vehementissime
1228 2114 1448 2165 invidens,
1478 2127 1559 2169 per
1593 2126 1659 2155 se-

415 2366 466 2410 (1)
490 2366 582 2399 Plut.
603 2366 638 2398 in
658 2364 760 2398 nario
782 2375 860 2408 pag.
882 2364 960 2398 410.
987 2365 1025 2398 F.

417 2428 470 2471 (2)
492 2427 583 2459 Plut.
610 2426 644 2458 in
670 2425 770 2458 Mario
796 2436 872 2468 pag.
900 2423 980 2457 410.
1001 2424 1039 2458 E.
1063 2423 1086 2457 1²
1100 2447 1110 2465 ,
1133 2424 1168 2456 in
1191 2424 1279 2466 Sylla
1301 2435 1377 2468 pag.
1405 2423 1484 2459 452.
1506 2425 1547 2458 1).

416 2487 468 2531 (3)
492 2487 581 2520 Plin.
622 2487 664 2520 H.
699 2487 740 2520 Ν.
777 2485 854 2521 Lib.
887 2484 1051 2518 xxxvn.
1084 2495 1158 2528 esp.
1199 2485 1240 2525 1,
1283 2486 1374 2519 cons.
1401 2487 1571 2528 praeterea
1597 2484 1668 2520 liv·

494 2548 583 2591 Epit.
617 2546 687 2579 Lib.
720 2546 820 2580 LXVI
836 2568 846 2586 ,
880 2546 973 2579 Plut.
997 2545 1034 2577 in
1052 2545 1152 2577 llario
1178 2556 1215 2588 p.
1234 2544 1314 2578 411.
1342 2546 1393 2586 A,
1416 2546 1450 2577 in
1475 2545 1565 2588 Sylla
1590 2555 1665 2590 pag.

497 2607 578 2641 452.
602 2608 649 2648 E,
677 2607 752 2641 Val.
780 2608 864 2640 Max.
891 2607 926 2639 1..
949 2605 1046 2641 vm.
1067 2616 1143 2649 cap.
1172 2603 1276 2639 14.4.

415 2669 467 2713 (4)
491 2669 582 2701 Plut.
609 2668 642 2700 in
669 2667 771 2701 nario
791 2677 867 2711 pag.
892 2665 972 2700 410.
996 2667 1046 2707 1³,
1068 2666 1102 2698 in
1129 2665 1217 2708 Sylla
1240 2677 1275 2711 p.
1302 2664 1381 2699 452.
1406 2666 1442 2699 E.
