1872 3106
751 215 968 259 Tnsssns.

813 367 890 421 Vi.

263 455 448 500 Carmen
472 455 717 507 Ciceronis,
749 456 876 514 quod
902 457 1090 500 Marium
1114 457 1392 513 inscribitur,
1421 472 1500 503 cu-

200 545 365 603 J'usque
399 546 599 589 nonnulli
632 560 778 590 versus
812 553 1067 603 supersunt,
1112 560 1203 590 uon
1232 561 1258 590 a
1290 545 1501 592 Cicerone

197 636 387 694 juvene,
420 649 556 694 quum
581 635 794 679 Scaevola
819 635 1017 692 pontifex
1040 636 1253 681 maximus
1278 637 1410 681 etiam
1435 638 1501 683 vi·

202 724 357 777 vebat,
390 725 598 783 scriptum
623 726 752 769 fuisse
779 732 910 783 puto,
944 732 992 768 ut
1018 725 1205 783 putabat
1227 725 1449 770 Nobbius.

807 814 905 860 v11.

258 901 494 954 Rationes,
537 904 597 946 ob
626 917 738 962 quas
772 904 1057 950 Marklandus
1083 912 1127 948 et
1154 906 1202 950 F.
1227 907 1281 951 A.
1310 905 1501 951 Wolfius

201 999 395 1049 quatuor
430 994 674 1045 orationes,
721 994 841 1038 Post
876 995 1075 1038 reditum
1101 997 1153 1038 in
1183 995 1390 1046 Senatu.
1422 994 1502 1040 Ad

204 1081 412 1140 Quirites
433 1091 546 1142 post
574 1085 796 1134 reditum,
830 1085 928 1127 Pro
957 1085 1090 1128 domo
1119 1086 1210 1128 sud
1238 1086 1307 1128 ad
1331 1085 1499 1129 Ponti-

188 1171 310 1228 fices
337 1179 381 1215 et
409 1174 466 1217 de
495 1174 810 1232 Haruspicum
838 1177 1107 1232 responsis,
1142 1173 1341 1217 Ciceroni
1368 1174 1499 1232 abju-

202 1262 417 1305 dicandas
445 1277 535 1306 esse
560 1269 829 1314 statuerunt,
863 1262 1097 1313 Gesnerus,
1130 1262 1307 1315 Saxius,
1341 1262 1498 1307 Ruhn-

199 1348 381 1403 kenius,
423 1350 790 1409 Wyttenbachius
830 1358 875 1394 et
902 1351 1003 1406 alii,
1039 1365 1129 1395 non
1156 1353 1259 1394 satis
1283 1352 1431 1395 firmas
1454 1359 1498 1395 et

191 1439 335 1497 justas
362 1440 518 1483 merito
547 1447 824 1484 censuerunt.

785 1528 910 1574 Vm.

255 1617 318 1661 Ex
344 1617 448 1660 loco
475 1616 697 1660 Ciceronis
725 1617 781 1659 de
807 1617 910 1674 Leg.
933 1616 994 1660 11.
1017 1630 1118 1673 cap.
1137 1617 1182 1661 4.
1209 1618 1497 1664 demonstrari

198 1721 290 1750 non
314 1712 478 1763 potest,
505 1719 665 1763 pueros
687 1704 859 1751 Romae
877 1706 936 1749 ad
957 1720 1092 1749 unum
1117 1720 1267 1751 omnes
1285 1710 1332 1752 in
1352 1709 1493 1754 Scho-

199 1797 252 1839 lis
280 1797 396 1853 leges
422 1794 507 1838 ΧΠ
539 1793 787 1837 tabularum
816 1794 1060 1839 edidicisse.

803 1882 880 1928 11.

252 1976 306 2019 In
334 1974 491 2032 Velleji
520 1973 740 2016 Paterculi
775 1955 957 2019 Lib.'11.
985 1988 1088 2032 cap.
1113 1977 1185 2020 dd.
1221 1991 1303 2034 pro
1327 1978 1491 2037 »Cujus

199 2066 356 2110 Marius
386 2070 514 2108 natus
544 2065 757 2122 equestri
779 2062 907 2107 loco'’
933 2063 1211 2108 scribendum
1230 2081 1319 2110 esse
1346 2070 1492 2127 conji-

194 2156 286 2207 cio,
318 2153 520 2213 ignobili
548 2152 663 2196 loco.

813 2240 867 2284 X.

249 2331 492 2376 Prudenter
524 2329 819 2389 Pythagoram
849 2329 1076 2388 discipulis
1101 2333 1187 2375 suis
1213 2333 1338 2377 initio
1365 2336 1487 2380 insti..

193 2421 372 2465 tutionis
399 2420 672 2479 aliquamdiu
695 2420 916 2477 ἐχεμυθίαν
944 2421 1196 2478 imposuisse
1225 2423 1428 2470 arbitror.

805 2509 880 2552 xl.

252 2600 482 2656 Perperam
511 2599 691 2643 omniuo
714 2599 863 2643 statuit
891 2598 1140 2643 Hcinersius
1163 2600 1207 2644 in
1234 2600 1376 2659 Opere
1400 2602 1485 2647 his·
1563 2647 1570 2659 ,
