1872 3106
869 196 926 260 11v

307 373 395 414 Sed
435 374 641 429 quoniam
677 378 860 413 naturae
898 376 1108 427 perpetua
1139 370 1210 412 lex
1233 368 1341 412 haec
1368 376 1452 420 est,
1486 374 1534 411 ut

250 462 309 505 ad
336 477 548 506 summum
575 462 788 519 perducta
817 460 863 503 in
887 460 1061 517 fastigio
1085 473 1165 502 suo
1191 458 1311 502 haud
1333 458 1410 501 diu
1438 472 1535 501 mo-

218 559 421 605 uentur,
463 552 540 595 sed
577 553 635 595 ad
672 551 868 594 infimum
903 563 1049 593 rursus
1075 549 1229 592 sensim
1256 548 1533 602 relabantur-3

246 642 356 700 quid
396 642 581 706 mirum,
607 642 639 684 si
673 641 902 685 Romanae
928 653 1108 697 quoque
1131 637 1399 695 reipublicae
1426 651 1534 681 ean·

245 733 346 775 dem
381 740 540 776 sortem
579 733 768 775 evenisse
801 730 1056 774 videamus?
1115 729 1260 783 Quum
1287 730 1403 771 enim
1430 736 1530 785 post

242 835 432 865 eversam
472 820 755 871 Corinthum,
799 825 899 876 post
939 819 1127 862 excisam
1170 818 1448 861 Numantiam
1486 825 1531 862 et

243 911 459 954 sublatam
498 910 669 967 imperii
698 909 943 962 aemulam,
974 906 1304 965 Carthaginem,
1336 908 1530 951 Romani

243 1000 302 1043 ad
326 999 439 1042 illud
461 998 637 1041 honoris
659 999 790 1040 veluti
813 999 987 1042 culmen
1010 998 1301 1043 ascendissent
1316 1030 1328 1050 ,
1362 1006 1411 1042 ut
1425 1030 1436 1048 ,
1471 1000 1530 1043 ab

241 1092 361 1147 ipsis
401 1091 531 1132 vinei
570 1091 796 1131 neminem
831 1089 1035 1146 amplius
1060 1082 1274 1147 puderet*
1292 1086 1356 1146 (1)
1377 1103 1392 1131 .·
1426 1094 1532 1132 tunc

241 1179 434 1230 accidit,
465 1185 514 1221 ut
543 1179 736 1235 ipsorum
766 1192 833 1239 res
860 1178 908 1221 in
937 1178 1127 1221 deterius
1156 1185 1396 1237 vergerent.

298 1269 415 1311 Metu
450 1268 652 1310 nimirum
680 1275 849 1310 remoto
867 1299 878 1318 ,
912 1282 1043 1325 quem
1071 1267 1284 1311 Romanis
1304 1268 1406 1310 illae
1429 1268 1529 1311 fun·

239 1357 355 1401 ditus
388 1357 559 1401 deletae
597 1357 821 1408 civitates,
866 1370 949 1414 pro
989 1357 1151 1400 viribus
1188 1371 1394 1415 quaeque
1417 1359 1527 1408 suis,

239 1446 408 1489 tamdiu
458 1446 732 1504 injecerant,
784 1462 879 1489 non
921 1445 1105 1504 gradu,
1152 1449 1239 1492 sed
1280 1449 1533 1506 praecipiti

238 1550 400 1587 eursu,
434 1551 466 1579 a
493 1539 667 1580 virtute
693 1537 938 1586 descitum,
971 1537 1038 1580 ad
1046 1540 1164 1580 vitia
1176 1542 1530 1590 transcursum

239 1630 373 1669 vetus
399 1626 653 1684 diseipIina
675 1626 888 1678 deserta,
922 1643 1045 1671 nova
1073 1627 1302 1681 inducta;
1333 1628 1385 1669 in
1411 1641 1532 1670 som-

241 1729 351 1757 num
374 1731 406 1758 α
431 1715 635 1774 vigiliis,
667 1716 725 1759 ab
752 1718 897 1759 armis
921 1718 987 1759 ad
1009 1717 1302 1774 voluptates,
1328 1733 1360 1760 a
1387 1733 1530 1775 nego·

239 1806 322 1846 tia}
351 1807 402 1846 t'n
433 1806 579 1847 otium
614 1819 841 1848 conversa
870 1807 1037 1848 civitas
1072 1804 1156 1862 (2).

298 1892 385 1947 Qui
419 1894 534 1936 enim
573 1899 703 1936 antea
740 1894 853 1937 inter
889 1907 934 1936 se
962 1894 1018 1937 de
1046 1895 1227 1946 virtute,
1260 1894 1461 1938 libertate
1486 1903 1531 1939 et

238 1981 379 2039 gloria
415 1989 714 2034 certaverant,
757 1984 889 2027 iidem
917 1996 1017 2027 mox
1045 1985 1189 2041 pravis
1212 1984 1405 2027 moribus
1429 1999 1531 2029 eor·

236 2072 376 2127 rupti,
407 2085 500 2114 non
525 2072 604 2114 nisi
631 2073 687 2115 de
711 2073 867 2129 opibus
891 2086 944 2116 ae
970 2074 1132 2117 divitiis
1152 2074 1427 2117 cumulandis
1451 2088 1529 2118 co-

235 2159 451 2218 gitabant.
509 2161 629 2205 Haec
666 2162 759 2204 auri
798 2162 934 2206 fames
967 2170 1010 2206 et
1044 2163 1269 2219 improbus
1294 2178 1419 2206 amor
1447 2163 1527 2207 ha-

233 2248 367 2293 bendi
407 2250 468 2292 ita
510 2250 862 2303 invalescebant,
906 2259 954 2295 ut
983 2253 1170 2310 quisque
1198 2252 1257 2296 ad
1280 2268 1349 2305 se,
1382 2268 1524 2311 quan·

247 2343 338 2381 tum
380 2346 550 2395 posset,
580 2339 752 2385 trahere
779 2355 833 2385 ac
861 2356 1015 2399 rapere
1041 2343 1248 2387 studeret.
1307 2344 1426 2387 Duae
1455 2358 1531 2387 ex·

274 2567 330 2612 (1)
350 2567 466 2603 'lorus
487 2567 559 2602 ub.
583 2569 632 2603 u.
660 2579 736 2612 etp.
761 2567 795 2602 7.

271 2627 325 2670 (²)
348 2627 433 2662 Vsu.
461 2629 590 2663 Patere.
620 2629 691 2663 Lib.
716 2629 764 2665 ΙΙ.
792 2638 868 2671 asp.
894 2631 925 2664 1.
