1872 3106
852 197 903 237 61

298 347 522 391 Praeterea
561 350 655 405 J'am
699 349 827 392 facile
870 361 1050 407 quoque
1079 348 1356 406 intelligitur,
1388 359 1525 404 quare

239 437 374 481 duces
420 437 684 482 Carboniani
730 437 860 483 variis
904 436 1235 481 difficultatibus
1283 435 1444 494 pressi,
1499 450 1526 478 a

237 527 416 570 consule
446 540 526 570 suo
552 527 777 579 derelicti,
810 533 853 571 et
879 540 970 571 non
993 526 1129 570 modo
1154 540 1179 569 a
1202 526 1346 584 Sylla,
1378 540 1528 571 verum

237 617 369 660 etiam
403 631 431 660 a
469 616 683 675 Pompejo
719 616 889 668 vexati,
935 616 1076 667 elam,
1118 622 1339 659 nocturno
1374 615 1528 659 itinere

239 705 426 749 Romam
448 706 674 764 petierint,
706 719 841 765 seque
867 718 969 750 cum
988 705 1183 749 Telesino
1204 703 1400 749 Samnite
1419 718 1530 748 con-

233 796 459 853 junxerint
489 795 572 854 (l).

294 884 460 928 Horum
497 883 663 927 ducum
703 883 1020 942 conjunctione
1052 883 1284 927 constabat
1317 882 1531 927 exercitus

243 988 395 1020 eorum
422 973 650 1031 octoginta
676 972 866 1016 millibus
888 973 1094 1023 militum,
1127 985 1316 1030 quorum
1346 971 1527 1026 dimidia

236 1077 339 1121 pars
377 1069 501 1107 erant
537 1063 774 1114 Samnites,
811 1061 890 1120 qui
925 1060 1006 1104 sub
1029 1060 1190 1105 Pontio
1216 1060 1412 1106 Telesino
1434 1061 1529 1107 cive

238 1166 338 1205 suo,
372 1153 469 1198 viro
487 1151 740 1203 fortissimo,
762 1150 1024 1195 militabant.

292 1330 412 1388 Sylla
439 1330 496 1374 de
518 1328 603 1373 hac
632 1329 948 1388 conjunctione
969 1328 1131 1372 certior
1142 1328 1532 1386 factus‚praemit-

235 1419 358 1464 tebat
401 1418 588 1462 Balbum
628 1418 693 1477 (2)
740 1432 842 1462 cum
878 1418 1160 1476 septingentis
1196 1417 1440 1476 equitibus,
1481 1424 1530 1461 ut

238 1507 383 1552 hostes
418 1508 693 1566 aliquamdiu
731 1513 996 1558 moraretur,
1027 1513 1071 1550 et
1100 1507 1192 1565 ipse
1216 1507 1355 1551 citato
1377 1507 1532 1550 itinere

236 1598 357 1640 eirca
396 1596 620 1639 meridiem
660 1595 720 1639 ad
757 1602 931 1653 portam
966 1596 1180 1640 Collinam
1211 1610 1312 1640 cum
1336 1596 1532 1640 exercitu

236 1684 452 1729 veniebat.
513 1684 641 1728 Circa
674 1697 838 1727 nonam
870 1684 959 1728 diei
986 1683 1140 1728 boram
1167 1686 1383 1741 proelium
1412 1700 1530 1729 sum·

232 1774 313 1817 mis
338 1773 558 1831 utrimque
583 1772 746 1817 viribus
771 1772 998 1830 agebatur.
1043 1774 1252 1817 Dextrum
1276 1787 1416 1817 cornu
1431 1773 1532 1831 Syl-

234 1865 326 1915 lae,
367 1863 440 1907 cui
476 1862 532 1906 M.
574 1861 750 1906 Crassus
784 1865 1016 1920 praeerat,
1047 1863 1279 1907 vincebat:
1311 1864 1528 1907 sinistrum

232 1966 339 1998 vero
377 1951 507 1996 valde
552 1951 806 2003 laborabat,
853 1951 1052 2009 quamvis
1091 1951 1183 2009 ipse
1218 1952 1337 2011 Sylla
1380 1954 1529 1997 animo

234 2055 327 2085 non
363 2041 543 2085 turbato
580 2047 790 2084 maneret.
863 2040 959 2084 Dici
993 2047 1141 2084 tamen
1174 2041 1245 2085 vix
1283 2048 1452 2099 potest,
1483 2044 1530 2086 in

231 2137 403 2190 quanto
441 2131 641 2189 periculo
684 2137 790 2174 tunc
827 2129 938 2174 Urbs
973 2136 1017 2174 et
1051 2130 1266 2174 exercitus
1301 2130 1529 2176 Romanus

233 2219 408 2265 fuerint.
468 2220 586 2266 Vicit
612 2227 759 2264 tamen
787 2220 965 2263 tandem
990 2219 1169 2263 fortuna
1197 2219 1380 2264 Romae.
1424 2221 1527 2265 Post

237 2323 441 2367 magnam
475 2323 669 2367 pugnam
703 2309 842 2367 prima
876 2309 1019 2352 noctis
1044 2308 1152 2352 hora
1184 2309 1372 2353 Romani
1398 2325 1526 2369 supe·

279 2534 330 2576 (l)
355 2533 498 2576 Appinn.
519 2531 616 2565 Alex.
642 2531 731 2565 nell.
758 2529 827 2565 etv.
856 2531 925 2566 Lib.
954 2532 980 2565 1,
1008 2542 1078 2575 cup,
1110 2533 1166 2565 92.

278 2593 331 2635 (2)
357 2592 447 2626 l‘tut.
476 2593 508 2625 in
535 2592 622 2633 Syna
644 2602 675 2635 p.
702 2589 780 2625 470.
807 2592 841 2622 t.
