1872 3106
982 260 1039 303 58

356 415 503 459 Pontii
533 413 711 457 Telesini
738 421 780 456 et
810 414 967 458 Guttae
993 413 1191 470 Capuani
1219 412 1331 455 adeo
1356 413 1636 468 incendebat,

353 511 401 547 ut
436 505 494 547 ad
531 517 660 560 opem
684 504 838 546 Marto
861 503 1089 546 ferendam
1114 508 1449 554 concurrerent,
1481 506 1643 547 exerci-

353 600 534 650 tumque
565 593 841 649 septuaginta
876 593 1058 635 millium
1085 599 1352 636 armatorum
1376 592 1643 650 conjungere

352 683 589 726 studerent.
649 682 846 736 Quorum
878 689 1027 725 tamen
1054 681 1286 724 conamina
1316 681 1435 740 Sylla
1461 681 1644 725 frustra-

355 780 422 816 tus
450 779 538 823 est,
572 772 677 814 dum
705 772 906 814 locorum
940 769 1183 827 angustias,
1224 784 1303 827 per
1333 784 1443 828 quas
1470 769 1645 814 hostiles

354 863 510 919 copiae
536 868 765 919 penetrare
789 860 1032 911 debebant,
1057 859 1249 903 obsessas
1262 861 1462 911 tenebat,
1481 873 1641 919 easque

351 953 410 995 ita
442 951 499 995 ab
526 951 694 1008 oppido
721 950 952 994 Praeneste
978 950 1152 993 seclusit
1179 949 1261 1006 (l).

411 1133 596 1175 Marius
632 1131 798 1173 interea
829 1129 997 1172 consilii
1019 1128 1145 1184 inops
1178 1133 1220 1170 et
1248 1127 1386 1183 probe
1401 1127 1644 1185 intelligens

355 1220 435 1264 sibi
458 1222 625 1263 nullam
651 1220 821 1271 salutis,
853 1218 935 1261 nisi
960 1218 1006 1259 in
1033 1231 1077 1260 se
1100 1217 1196 1273 ipso
1212 1248 1224 1268 ,
1254 1230 1373 1273 spem
1400 1230 1641 1273 superesse,

355 1311 628 1367 eruptionem
651 1308 866 1353 tentabat.
910 1307 1034 1362 Quae
1057 1313 1204 1350 tamen
1229 1306 1401 1362 eruptio
1426 1306 1464 1348 ei
1485 1319 1640 1362 parum

349 1400 536 1457 profuit,
569 1401 604 1442 si
630 1400 810 1456 quidem
837 1412 916 1454 per
942 1397 1103 1454 Syllam
1131 1397 1245 1438 intra
1268 1394 1480 1452 oppidum
1497 1395 1642 1437 denuo

351 1490 549 1546 repulsus
565 1495 648 1539 est.
675 1502 759 1531 nec
781 1486 840 1530 ob
863 1485 1153 1543 praesentiam
1179 1484 1323 1541 Syllae
1345 1483 1465 1525 illam
1492 1483 1638 1526 denuo

350 1579 568 1635 suscipere
591 1577 784 1620 audebat
810 1575 894 1635 (2).

408 1666 550 1712 Carbo
583 1673 627 1710 et
662 1665 893 1709 Norbanus
918 1663 1114 1707 absentia
1141 1662 1285 1720 Syllae
1311 1661 1502 1704 animum
1529 1661 1643 1704 reci·

349 1759 516 1816 pientes
526 1789 536 1808 ‚
562 1755 812 1814 conjunctis
825 1753 962 1810 copiis
972 1755 1180 1810 impetum
1195 1752 1240 1793 in
1253 1751 1470 1794 Metellum
1485 1750 1543 1793 ad
1555 1751 1639 1793 Fa-

351 1848 541 1892 ventiam
561 1845 801 1889 faciebant.
835 1843 923 1886 Sed
937 1857 1072 1900 quum
1084 1841 1350 1900 iniquoloco
1363 1846 1610 1898 pugnarent
1624 1872 1636 1891 .

348 1940 542 1996 ipsorum
566 1936 780 1980 exercitus
801 1935 860 1977 ita
886 1931 1243 1990 disjiciebantur,
1266 1937 1314 1973 ut
1340 1931 1492 1973 decem
1505 1930 1638 1973 millia

348 2028 679 2075 occiderentur,
711 2039 784 2067 sex
810 2022 944 2065 millia
970 2022 1028 2064 ad
1053 2021 1270 2064 Metellum
1294 2019 1636 2076 transfugerent,

348 2118 505 2175 reliqui
528 2115 814 2172 diffugerent,
838 2125 922 2154 nec
947 2112 1062 2153 ultra
1089 2110 1205 2151 mille
1230 2108 1474 2158 hominum,
1493 2121 1636 2150 serva-

348 2207 404 2250 tis
426 2212 651 2262 utcunque
674 2199 925 2250 ordinibus,
951 2198 1167 2242 Arretium
1193 2196 1507 2239 reducerentur
1537 2194 1622 2254 (3).

408 2295 695 2351 Simulatque·
715 2290 831 2332 hanc
867 2287 1039 2331 cladem
1075 2286 1191 2343 legio
1230 2284 1423 2338 audivit,
1466 2285 1539 2328 cui
1560 2285 1636 2329 Al-

391 2485 444 2528 (1)
467 2485 608 2528 Appian.
636 2484 731 2517 Alex.
752 2481 838 2515 Bell.
863 2479 935 2514 eiv.
957 2477 1030 2513 Lib.
1057 2477 1087 2512 Ι.
1116 2487 1191 2520 cap.
1216 2476 1308 2510 laud.

386 2545 439 2589 (2)
462 2547 604 2589 Appian.
628 2545 724 2577 Alex.
745 2540 834 2575 Bell.
857 2541 928 2574 civ.
957 2538 1031 2574 Lib.
1057 2539 1089 2573 1.
1113 2539 1139 2571 l.
1164 2538 1189 2571 l.

387 2607 439 2650 (3)
466 2606 535 2638 Liv.
570 2605 658 2649 Epit.
685 2604 755 2637 Lib.
784 2599 1016 2641 LXXXVIII„
1043 2599 1184 2644 Appiau.
1213 2597 1308 2631 Alex.
1340 2595 1423 2630 Bell.
1450 2597 1522 2630 Civ.
1547 2596 1583 2630 1..
1604 2596 1635 2628 1.

467 2677 496 2699 c.
525 2665 582 2699 91.
