1898 3184
408 453 495 489 tum
519 449 610 496 sit,
641 445 746 503 quin
770 445 886 485 sciat
902 473 917 494 ‚
947 443 996 483 in
1021 441 1193 484 Patrid
1215 442 1371 483 nostrii
1385 454 1519 500 posse
1543 446 1685 484 nemi-

404 549 497 577 nem
534 547 685 574 munus
711 532 1016 574 scholasticum
1042 531 1227 573 obtinere
1244 564 1255 584 ,
1287 530 1382 571 nisi
1404 530 1482 587 qui
1505 529 1682 574 Litora-

404 637 500 664 rum
533 621 855 664 Humaniorum
891 619 1054 662 Doctor
1089 625 1129 661 et
1155 618 1466 677 Philosophiae
1493 617 1683 662 Theore-

403 715 517 754 ticae
543 709 770 769 Magister
793 714 966 752 creatus
990 710 1065 752 sit.
1120 706 1240 764 Quae
1264 709 1410 767 igitur
1433 722 1559 766 quum
1573 740 1584 758 ,
1615 709 1682 750 uti

400 803 591 844 aliorum
626 803 757 841 antea
773 829 786 849 ,
820 799 886 839 sic
909 811 1020 839 nunc
1045 811 1208 855 quoque
1231 811 1326 840 mea
1350 811 1484 839 causa
1498 796 1650 855 fuerit
1666 778 1686 848 ,5

400 891 545 948 quivis
558 887 675 930 ultro
695 868 917 945 intelliget
928 916 941 938 ,
958 900 1037 928 cur
1054 888 1242 928 animum
1256 885 1320 928 ad
1335 886 1683 930 conscribendam

399 978 748 1022 dissertationem
772 975 1037 1034 appulerim.

458 1067 644 1110 Interim
673 1071 814 1107 tamen
837 1069 885 1106 ut
908 1064 1028 1107 nihil
1052 1066 1222 1106 omnino
1247 1064 1348 1106 huic
1372 1064 1519 1107 libello
1532 1078 1678 1123 prae-

384 1159 546 1215 farer,
572 1155 626 1197 id
646 1171 676 1197 a
701 1168 765 1196 me
778 1158 1020 1213 propterea
1044 1155 1282 1212 impetrare
1299 1167 1382 1195 non
1393 1155 1547 1213 potui,
1566 1152 1683 1213 quod

394 1246 573 1288 verebar
588 1276 600 1295 ‚
642 1257 695 1285 ne
731 1243 909 1302 ingrati
939 1242 1083 1284 animi
1112 1255 1376 1294 accusarer,
1408 1243 1452 1282 si
1481 1240 1564 1284 hac
1588 1246 1680 1284 tam

359 1342 361 1345 ’
395 1339 631 1395 opportune
666 1331 779 1374 mihi
819 1331 965 1373 oblata
1009 1332 1227 1371 occasione
1266 1329 1389 1372 haud
1415 1334 1586 1383 uterer,
1617 1329 1682 1374 ad

395 1422 645 1483 Magistris
667 1421 775 1461 meis
804 1418 972 1460 debitas
989 1419 1176 1476 gratias
1191 1417 1522 1476 persolvendas.

454 1510 520 1554 Ne
542 1512 687 1569 igitur
710 1511 812 1566 quis
840 1506 952 1548 milti
976 1507 1129 1548 merito
1154 1505 1354 1562 objiciat,
1375 1521 1440 1548 me
1457 1512 1534 1549 aut
1553 1509 1676 1567 igno-

392 1613 520 1643 rasse
535 1631 547 1651 ,
591 1596 703 1656 quid
733 1596 868 1655 officii
900 1597 987 1636 mei
1021 1595 1217 1637 rationes
1243 1595 1555 1654 postularent,
1599 1601 1676 1638 aut

391 1695 506 1733 certe
522 1719 534 1738 ,
578 1689 622 1729 si
650 1686 720 1728 vel
753 1686 943 1727 maxime
976 1685 1196 1726 scivissem
1214 1713 1228 1735 ,
1255 1687 1397 1725 tamen
1409 1685 1569 1742 facere
1593 1699 1673 1727 ne-

386 1780 586 1840 glexisse
601 1808 613 1829 ,
659 1773 799 1818 Vobis
814 1806 826 1826 ,
874 1772 990 1816 Viri
1021 1772 1301 1824 Clarissimi,
1333 1787 1511 1830 quorum
1537 1775 1674 1816 insti-

391 1868 555 1909 tutione
605 1866 653 1906 in
693 1862 776 1905 hac
812 1862 922 1905 bona
961 1862 1113 1903 mentis
1153 1859 1395 1903 Palaestra
1419 1861 1529 1918 frui
1564 1862 1678 1905 mihi

388 1956 603 2014 contigit,
640 1966 828 1994 summas
858 1951 1045 2009 gratias
1075 1955 1116 1991 et
1141 1949 1271 1992 habeo
1297 1955 1338 1992 et
1362 1965 1449 2010 ago
1464 1966 1555 2010 pro
1579 1966 1672 1994 om-

387 2045 510 2086 nibus
547 2043 647 2084 illis
686 2039 914 2083 commodis
941 2044 983 2080 et
1007 2038 1222 2095 beneficiis
1237 2071 1250 2091 ‚
1282 2054 1392 2098 quae
1421 2041 1469 2081 in
1498 2055 1563 2082 me
1582 2055 1671 2099 per

389 2147 508 2176 omne
557 2130 677 2173 illud
709 2134 874 2187 tempus
910 2128 1151 2169 contulistis
1167 2157 1181 2178 ,
1223 2127 1342 2185 quod
1372 2128 1446 2170 sub
1486 2127 1669 2170 Vestris

388 2221 603 2280 auspiciis
640 2218 686 2259 in
710 2216 793 2258 hac
816 2214 1063 2258 Academia
1086 2213 1498 2274 Ligdum-Batava*
1523 2218 1668 2259 suam·-

387 2316 455 2352 ter
493 2314 534 2350 et
570 2308 744 2350 utiliter
774 2310 971 2364 transegi
987 2335 1000 2356 ,
1030 2302 1205 2362 Vosque
1229 2307 1359 2348 etiam
1385 2311 1513 2364 atque
1537 2308 1667 2349 etiam

386 2413 494 2457 rogo
509 2429 522 2450 ,
558 2402 606 2438 ut
642 2409 707 2437 me
743 2393 911 2437 tamdiu
937 2394 1192 2451 patrocinio
1231 2392 1396 2437 Vestro
1418 2394 1636 2451 adjuvetis
1650 2426 1664 2447 ‚

384 2484 588 2544 quamdiu
624 2498 690 2525 me
720 2497 767 2525 eo
791 2482 968 2542 dignum
980 2481 1265 2538 judicabitis.
1329 2480 1405 2525 Sic
1429 2484 1541 2525 enim
1567 2484 1664 2525 nul-

389 2576 475 2616 lum
515 2574 684 2615 omnino
731 2573 819 2613 erit
855 2569 1024 2613 dubium
1039 2601 1053 2622 ‚
1078 2570 1188 2627 fore
1228 2575 1276 2611 ut
1315 2569 1480 2614 Vestro
1502 2573 1665 2630 favore

388 2674 553 2717 semper
565 2660 709 2715 fruar
726 2690 736 2710 ,
762 2658 894 2715 deque
915 2658 964 2699 ‘eo
982 2658 1185 2716 gloriari
1197 2660 1381 2716 possim.
