1872 3106
959 261 986 299 2

334 418 421 453 tem
439 423 562 453 sacra
588 410 810 453 faciebant
827 410 912 467 (1),
934 424 1109 452 censum
1132 409 1319 466 agebant
1339 409 1427 466 (2),
1454 409 1622 467 judicia

336 499 624 552 exercebant,
659 506 701 541 et
730 500 950 556 praesides
973 498 1148 541 senatus
1174 504 1297 540 erant
1328 497 1411 554 (3).

396 589 541 642 Quum
582 602 686 631 vero
724 587 770 630 hi
804 588 1010 632 Consules
1037 602 1060 630 e
1089 587 1284 644 patriciis
1311 586 1414 628 lecti
1444 585 1520 627 sua
1549 599 1630 642 po-

336 684 491 720 testate
510 677 606 734 jam
630 684 800 719 mature
827 677 1130 728 abuterentur,
1147 685 1191 719 et
1203 676 1376 733 plebem
1392 675 1630 718 admodum

332 773 560 816 vexarent,
605 765 716 808 haec
759 766 939 807 istarum
982 765 1240 823 injuriarum
1282 765 1538 822 impatiens,
1586 769 1634 806 ut

336 855 494 896 durum
530 854 641 896 illud
681 854 761 896 sibi
799 868 824 896 a
854 854 1062 917 >patribus
1095 855 1344 914 impositum
1369 855 1527 912 jugum
1555 866 1630 895 ex-

337 951 529 995 cuteret,
575 944 621 985 in
658 949 851 986 montem
893 943 1075 985 Sacrum
1115 950 1235 985 trans
1273 943 1468 986 Anienen
1497 956 1636 984 seces-

335 1035 388 1077 sit
415 1034 507 1092 (4),
539 1048 623 1077 nec
647 1034 768 1090 prius
793 1033 895 1076 inde
922 1033 1064 1075 redire
1088 1033 1247 1084 voluit,
1274 1046 1407 1089 quam
1433 1047 1484 1075 ex
1509 1032 1638 1088 plebe

339 1124 475 1169 creati
514 1131 653 1167 essent
691 1124 992 1181 magistratus,
1027 1137 1214 1180 quorum
1240 1122 1457 1179 praesidio
1481 1129 1633 1167 contra

339 1216 425 1257 vim
463 1221 505 1257 et
539 1214 843 1271 impotentiam
882 1213 1116 1257 Consulum
1157 1227 1210 1256 ac
1249 1219 1423 1269 patrum
1459 1212 1637 1255 omnino

340 1303 507 1345 munita
543 1310 666 1346 esset.
705 1324 763 1334 —
802 1302 961 1360 Itaque
990 1302 1183 1344 Tribuni
1199 1303 1352 1359 plebis·
1381 1302 1517 1345 creati
1540 1307 1638 1344 sunt

341 1395 457 1437 eirea
482 1394 533 1437 A.
561 1394 612 1436 U.
641 1393 689 1436 C.
716 1393 797 1436 261
833 1392 917 1450 (5).

398 1484 451 1526 Et
490 1483 688 1540 quamvis
712 1489 905 1538 potestas
936 1480 1091 1523 horum
1118 1481 1405 1523 Tribunorum
1432 1495 1521 1523 non
1549 1487 1636 1523 tam

341 1574 386 1614 in
411 1573 609 1630 agendo,
635 1586 768 1628 quam
793 1571 970 1628 quidem
995 1572 1040 1612 in
1062 1570 1337 1625 prohibendo
1352 1571 1490 1626 posita
1505 1577 1635 1620 esset,

343 1670 510 1713 tamen,
542 1662 767 1705 creatione
791 1661 979 1709 illorum,
999 1661 1065 1703 via
1096 1660 1154 1701 ad
1180 1660 1294 1701 rixas
1320 1666 1362 1701 et
1389 1659 1641 1701 altercatio-

342 1766 418 1796 nes
453 1753 567 1794 inter
594 1757 740 1807 patres
766 1763 819 1792 ac
847 1749 1017 1806 plebem
1046 1748 1181 1805 magis
1208 1749 1338 1790 etiam
1361 1747 1638 1802 excitandas,

348 1840 528 1884 alendas
555 1846 599 1882 et
627 1838 851 1896 augendas
878 1844 1029 1894 aperta
1060 1844 1137 1879 est.
1183 1837 1318 1894 Cujus
1343 1838 1446 1879 mali
1465 1851 1642 1880 eausam

345 1931 388 1971 in
418 1943 472 1972 eo
496 1926 750 1985 'praecipue
777 1927 962 1983 positam
989 1927 1116 1968 fuisse
1158 1925 1365 1976 arbitror,
1401 1926 1524 1982 quod
1548 1926 1642 1981 lege

388 2235 441 2278 (1)
463 2234 534 2267 Liv.
557 2232 630 2266 Lib.
650 2232 737 2265 xx-I.
762 2243 795 2264 ο.
817 2231 863 2263 62
884 2241 935 2272 sq.

390 2297 443 2339 (2)
465 2295 536 2329 Liv.
563 2293 639 2327 Lib.
659 2293 726 2327 111.
749 2303 781 2325 o.
803 2293 838 2324 3.

388 2357 440 2397 (3)
463 2355 533 2387 Liv.
559 2354 631 2386 Lib.
653 2354 700 2397 ΙΙ.
736 2363 811 2395 cap.
839 2353 854 2383 l
889 2355 925 2384 et
950 2352 985 2382 5.
1014 2351 1080 2383 ΙΙΙ.
1105 2362 1138 2384 c.
1163 2351 1197 2383 5.
1247 2351 1403 2383 Ceterum
1431 2360 1552 2393 operae
1579 2359 1652 2382 om-

471 2416 552 2446 nino
570 2414 716 2457 pretium
735 2415 787 2446 eat
805 2421 881 2445 oum
899 2411 953 2443 his
973 2411 1082 2444 allatis
1103 2412 1186 2444 locis
1205 2411 1246 2443 de
1268 2411 1446 2443 Consulum
1457 2409 1653 2444 muneribua

470 2475 623 2507 conferre
647 2473 767 2515 Polyb.
790 2473 875 2505 nist.
902 2472 972 2503 Lib.
995 2472 1053 2504 VI.
1068 2483 1145 2514 pag.
1169 2471 1236 2504 460
1259 2482 1310 2512 oq.
1340 2471 1375 2503 C.

391 2535 444 2579 (4)
468 2536 538 2567 Cio.
572 2535 613 2567 de
645 2535 728 2576 Rep.
763 2534 799 2566 L.
835 2533 882 2565 11.
917 2543 947 2563 c.
974 2532 1055 2572 33..¹
1096 2532 1164 2565 Liv.
1194 2532 1230 2565 L.
1259 2532 1307 2565 11.
1341 2542 1372 2563 e.
1394 2531 1477 2571 32.‚
1509 2532 1650 2573 Dionys.

474 2593 579 2627 Halic.
607 2594 642 2625 L.
670 2593 728 2625 VI.
757 2604 791 2635 p.
818 2590 897 2624 375.

393 2654 446 2696 (5)
469 2655 540 2687 Cic.
564 2654 599 2685 in
623 2655 717 2686 Orat.
740 2663 801 2695 pro
827 2653 864 2686 C.
890 2652 1066 2691 Cornelio,
1091 2653 1157 2684 Liv.
1179 2653 1216 2686 L.
1243 2653 1289 2686 11.
1314 2663 1343 2684 c·
1367 2653 1424 2686 33.
