1872 3106
915 246 943 285 3

280 405 460 442 cnutum
487 403 608 449 erat,
637 402 689 439 ut
719 401 861 453 caput
887 396 1012 452 ejus,
1046 396 1311 452 quicunque
1334 391 1571 435 tribunum

276 488 430 546 plebis
453 487 694 536 laesisset,
728 499 915 528 sacrum
943 488 1066 527 esset
1090 482 1173 539 (1).

339 576 518 620 Interim
553 588 685 632 penes
713 574 922 631 patricios
948 579 1072 615 erant
1099 572 1175 614 illo
1205 577 1400 627 tempore
1429 569 1575 612 omnia

290 665 561 715 sacerdotia,
596 677 745 707 omnes
769 662 983 713 honores,
1016 660 1156 722 onmis
1183 659 1444 717 jurisdictio.
1486 657 1576 702 Soli

284 755 460 813 patricii
484 755 529 797 in
551 754 671 797 omni
696 766 838 797 rerum
866 749 1138 795 abundantia
1164 748 1391 799 vivebant.
1417 755 1460 791 et
1481 761 1576 790 om·

284 846 413 889 nibus
438 844 739 888 emolumentis
764 842 951 900 publicis
978 841 1058 884 soli
1084 840 1356 884 fruebantur.
1408 837 1576 897 Plebeji

290 941 443 979 oontra
483 946 561 993 es,
604 939 758 989 utpote
789 931 846 974 ab
883 930 1083 974 omnibus
1118 929 1359 972 honoribus
1393 928 1577 979 exclusi,

291 1030 334 1066 et
368 1025 544 1079 insuper
582 1021 801 1065 continuis
837 1008 961 1064 bellis
987 1020 1170 1077 aliisque
1195 1018 1401 1062 oneribus
1423 1018 1580 1075 pressi,

236 1140 241 1145 ι
286 1114 333 1156 in
368 1112 536 1155 summa
574 1125 716 1153 rerum
743 1109 896 1166 inopia
930 1109 1063 1153 vitam
1090 1109 1290 1151 miseram
1322 1107 1581 1158 trahebant,

289 1214 391 1246 aere
425 1201 570 1243 alieno
599 1199 923 1250 obruebantur,
958 1205 1002 1241 et
1029 1197 1175 1241 obruti
1203 1198 1360 1254 passim
1390 1211 1415 1238 a
1443 1196 1589 1239 credi-

295 1290 462 1334 toribus
494 1290 538 1331 in
565 1302 786 1332 carcerem
822 1287 1200 1345 conficiebantur,
1234 1299 1316 1329 nec
1346 1286 1482 1328 ullum
1507 1285 1590 1327 mi-

297 1379 403 1423 seris
434 1378 639 1420 auxilium
671 1378 716 1420 in
745 1376 1003 1421 Consulibus
1027 1383 1120 1419 erat
1149 1375 1232 1433 (2).

352 1467 406 1510 In
446 1475 534 1511 tam
572 1468 681 1510 tristi
719 1466 974 1510 conditione
1009 1480 1145 1523 quum
1173 1464 1297 1521 plebs
1325 1469 1589 1514 versaretur,

295 1557 498 1614 profecto
526 1570 617 1599 non
647 1562 732 1607 est,
764 1556 889 1613 quod
912 1555 1138 1604 miremur,
1165 1567 1245 1596 cur
1260 1552 1460 1603 Tribuni,
1479 1565 1592 1609 quos

293 1649 457 1691 violare
497 1648 618 1691 nefas
654 1654 696 1689 et
738 1646 928 1702 capitale
967 1651 1099 1695 esset,
1142 1642 1248 1686 nihil
1290 1643 1410 1685 aliud
1454 1643 1591 1700 magis

297 1743 528 1793 cuperent,
573 1748 707 1793 quam
746 1740 792 1776 ut
831 1747 954 1776 suam
990 1738 1248 1788 potestatem
1277 1733 1431 1775 sensim
1459 1745 1592 1789 auge-

298 1831 423 1875 rent.
458 1832 501 1867 et
529 1824 590 1867 sic
618 1823 743 1866 simul
771 1822 903 1864 etiam
938 1821 1048 1864 vires
1082 1820 1222 1877 plebis
1247 1822 1592 1877 amplificarent,

301 1915 448 1971 eique,
478 1913 643 1955 damno
670 1911 974 1967 patriciorum,
1000 1910 1299 1966 prospicerent
1319 1911 1402 1967 (3).
1463 1911 1605 1970 Quod·

298 2002 529 2061 quomodo
549 2002 664 2044 lente
685 2000 968 2057 perfecerint,
991 1998 1180 2042 breviter
1200 2013 1417 2056 exponere
1435 2013 1596 2057 operae

300 2092 487 2150 pretium
515 2090 647 2133 duco.

360 2181 549 2223 Primum
591 2179 722 2236 igitur
756 2191 936 2234 operam
974 2176 1206 2227 dederunt,
1251 2184 1298 2220 ut
1327 2177 1402 2234 jus
1436 2179 1594 2236 agendi

305 2285 404 2314 cum
430 2270 596 2327 populo
623 2267 883 2311 obtinerent.
940 2266 1123 2317 Deinde,
1158 2266 1243 2309 hoc
1262 2266 1363 2323 jure
1387 2268 1595 2324 impetra-

350 2528 405 2574 (l)
427 2529 497 2563 nv.
526 2528 562 2563 1..
592 2527 650 2562 lv.
673 2538 704 2559 ο.
730 2526 765 2559 2.
791 2525 828 2560 1..
853 2525 901 2560 11.
926 2536 959 2559 c.
978 2526 1046 2566 33,
1070 2524 1314 2568 PighiiAnnnt.
1342 2525 1383 2558 ed
1405 2526 1448 2560 A.
1470 2525 1510 2559 11.
1524 2525 1604 2558 260.

347 2589 401 2633 (2)
424 2589 492 2622 nv.
515 2588 586 2622 tib.
612 2588 658 2622 11.
683 2598 714 2620 ο.
739 2586 806 2626 32,
831 2586 967 2630 Eutrop.
993 2586 1062 2619 tib.
1086 2586 1114 2620 Ι.
1140 2597 1173 2619 c.
1202 2585 1255 2618 13.

353 2649 408 2692 (8)
431 2648 499 2682 uv.
527 2648 597 2683 ub.
624 2648 682 2681 IV.
707 2657 780 2690 cop.
806 2646 839 2682 2.

1371 2723 1381 2762 Ι
1407 2729 1421 2746 υ
