1872 3106
976 228 1035 271 82

370 376 590 419 Lutatiae
609 380 770 434 gentis
791 385 1108 436 pertractum,
1142 395 1237 423 non
1260 385 1401 438 prius
1431 384 1530 427 vita
1553 387 1658 442 pri-

369 469 525 516 vavit,
571 481 711 524 quam
751 469 907 511 oculos
942 469 1151 526 infelicis
1183 477 1390 523 erueret,
1423 478 1469 516 et
1493 475 1657 531 singu-

369 557 443 599 las
471 559 680 614 corporis
699 564 868 615 partes
894 557 1232 617 confringeret.

425 735 596 779 Florus
623 736 686 779 ita
711 735 802 793 (l):

424 916 654 970 Marium,
686 917 820 959 ducis
847 918 999 973 ipsius
1015 915 1248 972 fratrem,
1268 918 1400 975 apud
1411 917 1657 965 Catulise-

358 1005 600 1062 pulcrum,
636 1006 802 1057 oeulis,
836 1005 1069 1059 manibus,
1102 1006 1407 1064 cruribusque
1423 1006 1654 1063 defossis,

365 1101 603 1138 servatum
637 1095 953 1157 aliquamdiu,
999 1101 1055 1138 ut
1088 1111 1180 1153 per
1220 1097 1416 1154 singula
1455 1097 1654 1140 membra

366 1189 638 1230 moreretur.

421 1361 475 1404 Et
499 1362 690 1421 denique
722 1363 920 1407 Orosius
947 1363 1043 1421 (2):

420 1540 483 1582 M.
520 1541 727 1584 Marium
764 1542 1013 1599 siquidem,
1047 1542 1103 1584 de
1133 1542 1307 1599 caprili
1331 1542 1443 1585 cassi
1469 1547 1650 1584 extrae-

361 1634 476 1679 tum,
511 1631 685 1673 vinciri
702 1631 837 1686 Sylla
851 1631 1038 1688 jussit:
1072 1632 1350 1689 ductumque
1375 1637 1510 1674 trans
1528 1631 1653 1674 Tibe-

362 1720 450 1761 rim
487 1720 553 1761 ad
583 1720 880 1762 Lutatiorum
910 1718 1231 1776 sepulchrum,
1267 1720 1450 1777 effossis
1478 1721 1651 1775 oeulis,

360 1810 662 1867 membrisque
693 1811 958 1853 minutatim
987 1809 1218 1860 desectis,
1254 1810 1332 1854 vel
1355 1812 1495 1855 etiam
1510 1810 1652 1868 frac-

361 1904 424 1942 tis
434 1932 446 1950 ‚
474 1900 720 1942 trucidari.

418 2080 460 2124 6.
484 2079 542 2122 P.
572 2078 782 2120 Rutilius
806 2076 981 2133 Rufus.
1042 2075 1290 2119 Secundum
1306 2076 1504 2119 Dionem
1531 2077 1647 2120 Cas-

363 2173 483 2212 sium
507 2167 571 2226 (3)
606 2167 686 2209 fuit
714 2166 925 2209 Rutilius
954 2166 1116 2223 Lupus
1145 2165 1418 2221 propinquus
1443 2167 1493 2209 0.
1510 2163 1654 2209 Marii

360 2260 516 2316 patris,
553 2264 686 2315 atque
717 2261 946 2313 propterea
990 2255 1121 2296 etiam
1156 2254 1206 2297 0.
1234 2254 1384 2297 Marii
1416 2255 1510 2299 filii.
1560 2257 1647 2303 Ve-

400 2504 455 2547 (1)
478 2505 594 2536 Florus
615 2501 686 2535 Lib.
714 2500 780 2534 111.
804 2510 880 2543 cap.
903 2498 961 2531 21.
981 2499 996 2542 ς
1021 2498 1079 2532 26.

338 2555 342 2558 ’
404 2564 456 2607 (2)
480 2564 613 2596 orosius
634 2562 706 2597 mh.
731 2562 772 2595 v.
798 2571 872 2605 cap.
894 2559 954 2594 21.

404 2625 456 2666 (3)
478 2625 539 2657 Dio
563 2624 652 2657 Cass.
678 2624 770 2656 Tom.
796 2622 812 2654 1
836 2631 912 2664 pag.
936 2620 991 2653 46.
1017 2620 1077 2655 Ed.
1102 2620 1209 2654 Reim-
