1872 3106
896 218 921 260 7

262 374 353 416 cuti
392 380 556 423 essent,
590 379 643 415 ut
666 372 890 431 populum
920 377 1121 422 teneret,
1155 373 1283 429 quod
1299 372 1435 429 plebs
1461 376 1548 414 tri-

265 462 408 506 butim
447 464 662 505 sm'visset
690 461 780 520 (1),
828 468 973 504 tamen
1007 474 1135 518 aegre
1167 461 1395 521 ferebant,
1426 463 1551 520 quod

260 552 356 609 lege
393 551 475 595 ΧΠ
514 551 636 595 tabb.
670 551 885 595 sancitum
924 557 1045 602 erat,
1079 566 1137 594 ne
1165 551 1299 609 plebi
1334 565 1435 594 cum
1456 567 1548 610 pa·

258 644 411 684 triciis
445 642 677 685 connubia
703 648 860 685 essent
886 642 975 699 (2),
1008 646 1142 699 atque
1167 647 1391 698 praeterea
1418 640 1548 684 etiam

256 731 303 774 id
322 731 420 789 jam
443 733 591 775 animo
619 731 835 789 agebant,
867 739 915 774 ut
937 732 1055 788 plebi
1082 731 1249 774 aditum
1277 731 1335 774 ad
1361 731 1550 776 honores

256 825 490 878 aperirent.
540 821 699 878 Itaque
725 821 835 864 duas
857 821 1064 877 deinceps
1086 821 1336 878 rogationes
1352 823 1549 878 promul·

259 910 451 968 gabant,
496 911 678 952 alteram
713 911 771 953 de
797 912 971 953 mutuas
997 912 1124 953 inter
1143 912 1373 967 patrim'oa
1388 917 1435 954 et
1442 912 1548 968 ple-

260 998 389 1056 bojas
420 1000 664 1042 connubiis
692 998 783 1057 (3);
814 999 1021 1047 alteram,
1054 1006 1108 1043 ut
1129 1000 1306 1059 populo
1330 1006 1548 1058 potestas

257 1095 383 1132 esset
396 1087 624 1145 faciendi
649 1089 889 1140 consules,
922 1104 1225 1149 quoscunque
1252 1093 1350 1134 sive
1377 1092 1434 1134 de
1444 1092 1548 1149 ple-

259 1177 310 1222 be
325 1209 337 1228 ,
370 1180 469 1222 sive
496 1180 553 1222 de
573 1180 796 1237 patricias
816 1178 957 1223 vellet
984 1178 1069 1237 (4).

313 1267 536 1322 Quantum
585 1267 669 1311 hae
704 1268 955 1325 rogationes
987 1275 1163 1325 patrum
1202 1269 1547 1327 indignationem

255 1356 566 1407 excitaverint,
617 1358 901 1416 ipsorumque
951 1358 1120 1401 animos
1165 1358 1547 1410 exacerbaverint,

260 1445 486 1489 intellectu
512 1447 616 1489 sane
644 1445 764 1489 haud
793 1447 973 1491 difficile
999 1454 1086 1499 est,
1115 1448 1251 1491 modo
1275 1449 1374 1506 quis
1397 1449 1549 1492 memi-

255 1536 368 1580 nerit
413 1543 648 1580 consuetae
697 1536 984 1592 patriciorum
1028 1537 1283 1594 superbiae,
1323 1538 1415 1596 qua
1454 1552 1548 1582 non

259 1626 394 1669 modo
430 1626 603 1682 plebem
648 1625 893 1678 habebant,
929 1641 1078 1670 verum
1116 1629 1247 1671 etiam
1277 1628 1551 1673 tribunorum

259 1715 519 1766 conciones,
554 1715 612 1758 ad
644 1717 930 1772 patriciorum
971 1718 1278 1760 auctoritatem
1313 1718 1552 1776 infringen-

257 1804 360 1848 dam
388 1803 584 1853 habitas,
614 1805 790 1847 eludere
816 1805 1064 1848 studebant.

319 1894 431 1937 Hinc
471 1908 615 1937 rursus
654 1907 795 1937 novae
835 1908 1002 1952 eaeque
1034 1895 1428 1939 vehementissimae
1455 1897 1551 1941 lites

260 1983 567 2028 movebantur.
631 1984 791 2029 Verum
824 1990 1017 2038 potestas
1045 1985 1276 2029 tribunicia
1305 1985 1399 2043 jam
1427 1988 1553 2029 nimis

250 2074 364 2117 altas
399 2074 445 2116 in
482 2073 708 2130 republica
746 2074 918 2117 radices
951 2078 1124 2132 egerat,
1158 2087 1293 2133 quam
1322 2082 1370 2118 ut
1402 2082 1548 2132 patrea

256 2177 307 2207 ex
341 2162 427 2206 hoc
466 2164 704 2206 certamine
735 2165 923 2207 victores
951 2163 1071 2207 abire
1100 2165 1355 2221 potuissent.
1417 2165 1548 2219 Quod

300 2443 354 2488 (t)
378 2445 449 2479 nv.
477 2443 548 2478 nb.
568 2445 635 2480 111.
661 2456 736 2489 cap.
765 2445 823 2478 δῦ.

298 2504 352 2549 (2)
374 2505 490 2539 Cicero
516 2505 558 2538 de
583 2505 729 2550 aepubt.
754 2504 825 2538 Lib.
854 2505 901 2539 11.
927 2516 1001 2548 cap·
1023 2504 1079 2537 87.

299 2564 352 2607 (³)
374 2565 490 2599 Cicero
514 2566 555 2599 de
577 2566 719 2610 Republ.
750 2565 823 2601 Lib.
849 2565 896 2601 11.
925 2575 1001 2608 cap.
1029 2565 1141 2603 laud..
1174 2565 1243 2598 Liv.
1271 2563 1342 2599 uh.
1365 2565 1423 2598 tv.
1450 2577 1480 2598 u.
1508 2566 1530 2597 Ι.

299 2624 352 2668 (4)
377 2624 446 2660 Uv-
472 2624 543 2661 Lib.
569 2626 627 2660 IV.
654 2627 677 2660 t.
706 2626 728 2661 Ι.
