1872 3106
904 233 929 272 5

272 401 354 431 nec
380 386 543 429 diutius
562 393 650 429 tam
677 384 771 428 utili
793 398 846 428 ac
873 383 1141 442 reipublicae
1159 386 1204 427 in
1225 390 1445 441 posterum
1454 397 1559 441 pro·

269 476 441 518 futurae
481 475 564 533 legi
601 475 794 518 resistere
834 475 936 517 satis
976 487 1165 532 aequum
1199 474 1428 532 judicans,
1474 480 1558 516 tres

271 565 438 622 legatos
473 564 519 606 in
562 563 808 616 Graeciam,
849 564 907 607 ad
949 563 1136 621 optimas
1178 577 1378 621 quasque
1419 563 1554 620 leges,

267 655 506 711 praecipue
520 653 710 704 Solonis,
727 653 996 711 colligendas
1021 653 1178 695 misisse
1204 652 1458 709 perhibetur
1473 652 1555 709 (1).

271 744 439 798 Quibus
469 743 670 793 reversis,
699 742 966 786 Decemviri
982 755 1150 785 summo
1175 756 1276 785 cum
1302 742 1485 798 imperio
1507 755 1560 784 ac

269 834 361 875 sine
385 832 700 889 provocatione
729 831 818 888 (2).
850 831 1028 888 reliquis
1052 831 1252 874 omnibus
1277 831 1440 874 interea
1468 844 1561 873 ma-

270 921 518 980 gistratibus
542 920 741 972 sublatis,
774 921 910 980 creati
938 927 1038 963 sunt
1067 920 1152 978 (3).

326 1011 381 1054 lii
427 1011 688 1064 decemviri,
741 1009 867 1053 finito
915 1009 1084 1066 imperii
1131 1009 1196 1051 sui
1237 1010 1378 1066 primo
1419 1022 1561 1058 anno,

271 1101 389 1159 leges
413 1100 458 1142 in
482 1099 653 1142 tabulas
680 1100 832 1142 decem
859 1098 1035 1150 divisas,
1063 1098 1122 1141 ad
1145 1098 1414 1155 reipublicae
1439 1113 1563 1141 usum

274 1190 653 1241 accommodatas,
697 1187 953 1245 summaque
993 1187 1216 1245 aequitate
1250 1195 1293 1231 et
1332 1188 1566 1244 prudentia

273 1280 547 1337 conscriptas
571 1279 617 1321 in
645 1277 840 1321 Comitiis
869 1276 1122 1319 centuriatis
1152 1277 1424 1333 pertulerunt
1453 1277 1539 1335 (4).

330 1369 428 1413 Jam
471 1374 639 1417 autem,
668 1380 724 1409 ne
751 1365 1007 1417 decemviri,
1040 1364 1106 1408 his
1140 1363 1326 1409 feliciter
1351 1367 1411 1410 ad
1437 1367 1569 1410 finem

277 1457 524 1517 perductis,
572 1469 651 1498 suo
689 1469 867 1498 munere
904 1454 1100 1498 defuncti
1138 1456 1228 1498 dici
1254 1463 1455 1512 possent,
1489 1457 1571 1513 ipsi

273 1547 433 1594 callide
474 1545 795 1596 causabantur,
840 1545 962 1587 duas
1005 1543 1152 1587 adhuc
1193 1543 1366 1588 tabulas
1395 1545 1570 1597 deesse,

274 1637 414 1695 iisque
456 1634 645 1690 additis,
687 1633 800 1677 Juris
833 1633 1025 1677 Romani
1062 1633 1194 1677 veluti
1219 1647 1380 1691 corpus
1405 1634 1573 1679 absolvi

277 1725 450 1782 penitus
473 1739 599 1783 posse
631 1724 715 1782 (5).

335 1791 455 1857 Haec
483 1814 600 1857 laeta
636 1813 698 1856 rei
735 1811 901 1855 tamdiu
926 1812 1021 1868 jam
1049 1810 1323 1854 desideratae
1346 1819 1574 1869 exspecta·

279 1904 342 1947 tio
377 1902 620 1957 efficiebat,
651 1908 700 1944 ut
730 1902 775 1944 in
805 1914 966 1943 annum
993 1899 1353 1957 subsequentem,
1390 1909 1576 1958 excepto

278 2006 368 2036 uno
404 1992 550 2049 Appio
588 1990 798 2041 Claudio,
832 2002 1008 2046 prorsus
1037 1990 1109 2032 alii
1150 1989 1385 2033 decemviri
1422 1989 1575 2034 subro-

279 2088 486 2141 garentur
503 2080 587 2139 (6).
619 2078 674 2123 At
699 2078 855 2123 horum
879 2078 989 2121 fides
1016 2085 1058 2120 et
1087 2078 1250 2135 justitia
1276 2080 1416 2123 minus
1441 2093 1573 2137 quam

320 2334 374 2379 (1)
397 2334 468 2368 nv.
498 2332 570 2367 m».
595 2331 661 2366 111.
686 2341 719 2367 c.
741 2331 800 2367 81.

317 2395 372 2440 (²)
393 2395 465 2429 cio.
488 2390 687 2437 deRepnbl.
712 2390 784 2426 tib.
809 2391 856 2425 11.
882 2403 912 2424 ο.
938 2392 978 2424 31
998 2413 1007 2431 ,
1033 2391 1074 2424 de
1101 2391 1185 2434 Lege
1200 2393 1316 2434 Agru.
1333 2393 1390 2426 Or.
1406 2393 1452 2427 11.
1470 2405 1501 2428 c.
1518 2394 1573 2426 22.

317 2455 373 2499 (3)
408 2454 479 2490 ῑίν.
505 2452 576 2487 ub.
602 2451 668 2484 111.
688 2462 722 2486 e.
746 2451 792 2484 82
813 2461 865 2494 sq.
882 2474 894 2491 .
921 2452 1061 2496 lump.
1082 2451 1153 2486 ub.
1179 2452 1209 2486 1.
1235 2462 1309 2496 cap.
1336 2452 1390 2486 18.

326 2513 381 2559 (4)
402 2515 473 2549 Ην.
500 2513 573 2547 m».
595 2512 661 2546 111.
688 2521 720 2546 c.
744 2510 803 2545 8⁴.

326 2573 380 2616 (ἦ)
402 2573 472 2609 liv.
495 2573 568 2608 nb.
599 2572 665 2606 111.
694 2572 718 2605 Ι.
743 2572 768 2605 l.

329 2633 384 2675 (6)
407 2633 476 2668 nv.
505 2632 576 2668 m».
599 2633 667 2667 111.
696 2643 768 2675 cap.
794 2631 849 2664 35.
