1872 3106
982 239 1037 281 70

364 388 611 430 celebravit
628 420 637 438 ‚
673 392 759 445 quc'
781 391 933 432 eodem
959 397 1160 447 tempore
1191 394 1334 441 vixit,
1353 392 1552 446 facetiis
1574 410 1652 437 as·

361 479 626 534 perioribus
637 477 757 534 foro
781 479 1306 523 Romanonotissimus.
1367 480 1655 529 Plutarchus

369 574 535 610 auctor
570 572 620 612 in
660 570 840 624 Mario,
886 571 939 629 Q.
977 570 1204 613 Granium
1230 570 1362 613 illum
1381 573 1658 629 privignum

371 663 415 699 et
442 657 602 715 fugae
638 662 844 702 comitem
884 659 931 702 C.
963 661 1083 702 Marii
1095 660 1276 716 fuisse.
1337 660 1424 703 Sed
1453 661 1656 720 Pighius

370 746 449 789 sibi
478 748 523 788 in
548 747 611 789 his
636 736 890 791 'enarrandis
913 764 1003 792 non
1023 757 1219 792 constat:
1247 765 1348 793 nam
1372 752 1573 795 alioloco
1590 752 1654 810 (l)

371 836 504 879 dixit:
565 837 777 882 Alterum
814 845 964 883 autem
1006 855 1064 883 ex
1100 843 1207 883 istis
1239 841 1432 884 Graniis
1459 841 1506 884 C.
1538 843 1660 888 Marii

365 928 664 984 privignum,
700 934 745 970 et
772 929 829 971 ab
859 929 995 971 Ostia
1010 928 1171 987 fugae
1193 933 1366 973 socium
1379 931 1545 987 fuisse
1568 937 1660 975 tes·

373 1021 507 1057 tatur
535 1016 826 1060 Plutarchus
853 1020 903 1060 in
932 1019 1037 1076 ejus
1068 1021 1167 1062 victi
1197 1020 1261 1077 (2)
1279 1036 1295 1061 :
1330 1021 1426 1064 Sed
1455 1022 1659 1079 Cnejus‚

373 1119 436 1146 an
467 1105 670 1162 Quintus
701 1106 908 1149 Granius
919 1106 1102 1162 fuerit,
1136 1124 1230 1151 non
1256 1110 1423 1166 liquet,
1442 1116 1528 1152 aut
1542 1112 1660 1154 Plu-

372 1193 532 1235 tarchi
551 1196 704 1250 ipsius
718 1224 729 1242 ‚
757 1202 842 1237 aut
863 1196 1161 1238 librariorum
1177 1199 1338 1255 culpa,
1357 1214 1552 1257 quorum
1581 1215 1660 1243 ne-

366 1284 602 1341 gligentia
627 1299 914 1340 praenomen
936 1288 987 1328 in
1013 1287 1146 1328 libris
1164 1291 1324 1344 periit.

435 1373 488 1430 Q.
526 1372 734 1415 Granius
773 1388 795 1414 a
839 1373 991 1431 Pighio
1038 1376 1102 1431 (3)
1136 1376 1248 1419 inter
1276 1364 1527 1433 quaestore‘s
1551 1393 1654 1435 pro-

368 1462 576 1505 vinciales
598 1463 648 1503 A.
678 1462 727 1504 U.
752 1462 798 1504 C.
819 1463 908 1506 658
923 1464 1131 1506 refertur:
1154 1466 1349 1508 tribunus
1370 1467 1508 1522 plebis
1527 1468 1655 1511 fuisse

369 1551 532 1594 dicitur
553 1551 604 1594 A.
638 1551 688 1594 U.
721 1551 767 1594 C.
800 1552 888 1594 663
917 1551 1007 1608 (4):
1041 1560 1218 1609 praetor
1243 1555 1294 1597 A.
1328 1555 1378 1597 U.
1412 1556 1459 1599 C.
1483 1557 1652 1614 668(5)

368 1647 410 1683 et
449 1640 640 1698 denique
676 1649 854 1696 praetor
881 1622 1161 1697 provifieialis
1189 1643 1240 1685 A.
1279 1644 1329 1686 U.
1363 1644 1410 1688 C.
1442 1645 1529 1689 669
1561 1646 1655 1702 (6),

364 1731 427 1772 uti
454 1737 496 1772 et
519 1730 771 1786 provinciae
799 1738 1062 1787 prorogatae
1096 1732 1179 1788 (7).

425 1819 543 1862 Unus
580 1819 711 1876 igitur
739 1833 789 1862 ex
816 1819 880 1861 his
904 1799 1077 1862 dubbus
1106 1820 1300 1864 Graniis
1329 1824 1452 1866 Marii
1469 1827 1657 1883 privig-

369 1924 459 1952 nus
489 1909 616 1952 fuisse
641 1910 816 1953 dicitur.
878 1911 981 1952 Uter
1008 1925 1111 1954 vero
1137 1925 1287 1954 eorum
1314 1913 1349 1954 is
1374 1913 1523 1963 fuerit,
1555 1929 1658 1957 nar-

371 2012 467 2040 rare
505 1998 665 2040 oblitus
690 2005 751 2040 est
779 1999 1069 2043 Plutarchus
1090 1998 1154 2057 (8)
1170 2031 1179 2049 ‚
1208 2004 1285 2057 qui
1309 2003 1424 2047 solus
1450 2004 1655 2047 Granium

405 2219 458 2262 (1)
482 2217 590 2260 Pighii
613 2217 702 2249 Ann.
727 2215 770 2247 ud
792 2215 833 2249 A.
859 2216 900 2249 11.
925 2217 962 2248 C.
987 2215 1067 2248 654.

406 2279 460 2323 (2)
483 2279 576 2311 Plut.
602 2278 637 2309 in
662 2275 762 2308 nario
788 2286 822 2319 p.
848 2274 928 2310 425.
954 2277 991 2309 F.

407 2341 459 2383 (3)
483 2339 594 2382 Pighii
616 2339 704 2371 Ann.
731 2337 772 2370 nd
793 2337 835 2370 A.
860 2338 903 2370 11.
925 2337 963 2370 C.
988 2337 1068 2371 658.

406 2400 460 2443 (4)
484 2400 594 2442 Pighii
619 2399 708 2431 Ann.
733 2391 775 2430 ad
799 2397 835 2430 h.
861 2408 892 2431 a.

406 2462 458 2503 (5)
483 2460 593 2501 Pighii
616 2460 703 2492 Ann.
729 2458 770 2491 ad
792 2458 829 2492 h.
850 2469 882 2491 a.

408 2521 460 2564 (6)
483 2520 593 2562 Pighii
616 2521 703 2553 Ann.
729 2519 770 2553 ad
790 2519 825 2552 h.
853 2530 884 2553 a.

409 2581 460 2623 (7)
485 2581 594 2621 Pighii
619 2581 706 2614 Arm.
733 2579 774 2612 ad
797 2579 838 2612 A.
863 2579 902 2611 U.
928 2580 965 2612 C.
990 2579 1069 2612 669.

408 2642 457 2683 (8)
483 2642 573 2674 Plut.
600 2642 632 2671 in
659 2641 758 2673 Mario
782 2651 815 2683 p.
841 2639 920 2674 425.
946 2641 980 2671 F.

1836 286 1872 497 ,1⁶‹.*J;›.²{22.w‘“-m⁴‘.,*
1839 230 1872 285 ³55·-
1843 200 1867 223 ’ἦ
1859 186 1864 192 ’
1838 122 1872 179 ²¹⁴3(
