1872 3106
963 252 1020 294 20

351 402 440 444 lum
478 400 817 444 Mithridaticum
853 403 1076 459 profectus
1099 411 1175 446 est.
1236 405 1318 455 At,
1352 419 1405 448 eo
1433 406 1633 460 absente,

351 505 466 535 nova
494 491 719 534 recruduit
747 491 917 535 Romae
942 493 1118 544 seditio,
1144 500 1325 536 auctore
1352 493 1401 536 L.
1440 494 1640 540 Cornelio

355 580 495 623 Cinna
530 580 723 623 consule.
791 580 870 622 Hic
913 582 1026 623 enim
1058 597 1193 638 quum
1223 583 1437 640 collegam
1462 583 1641 629 haberet

356 669 434 711 Cn.
474 668 732 719 Octavium,
772 669 972 711 lenissimi
1005 671 1167 727 ingenii
1210 672 1377 724 virum,
1420 674 1648 718 immemor

354 772 529 809 eorum,
574 772 690 815 quae
723 758 867 815 Syllae
899 759 1119 815 pollicitus
1147 767 1239 803 erat
1273 761 1365 819 (l),
1399 776 1535 806 novas
1568 764 1646 806 de·

356 861 446 888 nuo
488 846 636 889 turbas
663 848 854 890 excitare
885 849 1061 905 coepit,
1091 850 1167 892 sed
1197 851 1254 893 ab
1281 850 1466 896 Octavio
1490 867 1650 896 consu-

351 936 444 977 latu
488 937 704 992 privatus,
744 944 879 994 atque
919 952 971 980 ex
1008 938 1123 981 Urbe
1161 942 1362 996 expulsus
1394 948 1470 984 est.
1532 943 1644 986 Hine

351 1025 468 1067 idem
495 1025 574 1067 iste
599 1025 735 1085 Cinna
754 1026 908 1068 Italiae
929 1028 1188 1083 populosad
1203 1042 1320 1071 arma
1337 1031 1566 1082 excitavit,
1591 1032 1645 1076 C.

350 1111 548 1156 Marium
573 1121 615 1156 et
639 1115 832 1172 reliquos
847 1116 1011 1158 exsules
1026 1116 1085 1158 ad
1104 1131 1148 1158 se
1168 1119 1386 1162 arcessivit
1403 1134 1454 1162 ex
1469 1120 1639 1172 Africa,

363 1204 609 1260 atqueunai
636 1218 735 1246 eum
759 1204 914 1246 Mario
938 1203 1125 1247 Romam
1147 1207 1187 1249 vi
1209 1220 1427 1250 armorum
1454 1209 1645 1252 intravit.

414 1292 590 1346 Quanta
618 1299 723 1335 tunc
759 1307 861 1336 vero
890 1294 1149 1337 crudelitate
1174 1295 1265 1338 bini
1293 1295 1337 1337 hi
1359 1297 1438 1340 viri
1464 1297 1510 1339 in
1531 1297 1646 1340 Urbe

352 1383 533 1439 grassati
568 1382 699 1435 sint,¹
723 1396 860 1439 quum
898 1397 942 1425 se
971 1383 1111 1439 ipsos,
1132 1385 1299 1440 spretis
1326 1385 1480 1441 populi
1509 1387 1647 1428 comi-

357 1472 447 1522 tiis,
481 1471 679 1513 consules
707 1478 943 1523 creassent,
978 1486 1076 1515 cum
1106 1473 1282 1516 aliunde
1301 1475 1519 1527 novimus,
1553 1482 1645 1518 tum

359 1576 408 1606 ex
439 1563 628 1604 Lucano
647 1559 741 1617 (2),
774 1561 900 1618 cujus
924 1561 1033 1605 haec
1061 1570 1160 1606 sunt
1190 1564 1245 1607 de
1273 1564 1357 1608 hae
1385 1580 1432 1608 re
1459 1566 1615 1610 verba:

456 1742 478 1765 »
493 1729 585 1778 Quis
593 1728 678 1776 fuit
699 1729 757 1766 ille
780 1729 875 1776 dies,
902 1729 1037 1766 Marius
1058 1742 1130 1780 quo
1152 1731 1287 1767 moenziz
1309 1730 1418 1768 victor

457 1811 479 1833 »
496 1797 712 1846 Corripuit?
735 1799 937 1847 quantoque
956 1798 1080 1846 gradu
1102 1811 1197 1835 mors
1220 1811 1323 1836 saeva
1345 1799 1530 1837 cucurrit?

455 1864 668 1904 »Nobilitas
689 1877 767 1903 cum
779 1865 882 1916 plebe
890 1866 1012 1915 perit:
1034 1866 1171 1916 lateque
1192 1872 1347 1916 vagatur

454 1936 600 1973 »Ensis
609 1951 623 1973 .·
646 1941 679 1972 et
698 1949 724 1973 a
746 1936 845 1973 nullo
867 1941 1063 1973 revocatum
1085 1942 1135 1973 est
1143 1942 1290 1987 pectore
1303 1938 1464 1986 firrum.

453 2018 477 2041 »
491 2008 577 2042 Stat
592 2017 700 2041 cruor
718 2005 758 2041 in
781 2005 936 2054 templciv:
957 2006 1136 2055 multaque
1158 2005 1320 2044 rubentia
1341 2007 1446 2044 caede

455 2072 646 2110 »Lubrica
669 2085 762 2109 saxa
783 2073 962 2110 madent.”

418 2217 624 2273 Quamvis
664 2231 766 2260 vero
803 2218 989 2260 Marius
1029 2218 1087 2261 ob
1114 2218 1402 2262 insatiabilem
1431 2219 1651 2264 vindictae

404 2417 456 2459 (1)
480 2417 549 2449 Liv.
574 2417 662 2459 Epit.
688 2415 761 2449 Lib.
789 2413 917 2447 LXXIX
931 2437 940 2455 ,
964 2414 1056 2447 mut.
1077 2415 1112 2447 in
1135 2415 1224 2456 Sylla
1243 2425 1278 2458 p.
1302 2414 1382 2448 458.
1407 2415 1433 2449 A
1451 2437 1461 2455 ,
1477 2414 1563 2449 Vell.
1581 2416 1656 2452 Pat.

483 2476 555 2509 Lib.
584 2477 630 2509 11.
656 2486 731 2518 cap.
754 2475 812 2508 20.

401 2536 453 2580 (2)
477 2537 572 2569 eous.
607 2536 731 2567 Lucani
765 2534 914 2568 Pharsnl.
951 2533 1024 2567 Lib.
1061 2533 1113 2567 11.
1148 2544 1198 2568 vs.
1230 2534 1275 2567 99
1298 2545 1349 2576 sq.
1373 2534 1450 2568 vid.
1483 2537 1658 2578 praeterea

481 2597 549 2630 Liv.
585 2596 674 2638 Epit.
705 2595 777 2629 Lib.
813 2595 948 2634 LXXX,
977 2594 1069 2628 Plut.
1104 2595 1139 2626 in
1158 2595 1258 2628 nario
1282 2606 1312 2628 a.
1339 2606 1414 2638 pag.
1439 2595 1520 2630 431.
1547 2598 1588 2630 A.
1615 2596 1654 2630 ad

481 2666 557 2699 pag.
583 2655 661 2688 432.
690 2655 736 2695 C,
763 2655 879 2689 Florus
904 2654 975 2690 Lib.
1001 2654 1064 2688 111.
1093 2665 1125 2689 c.
1152 2655 1207 2688 21.
