1872 3106
1620 0 1689 198 l

1601 199 1633 233 fv

956 266 1011 305 lili

346 423 475 466 etiam
508 422 741 477 scriptores
765 427 949 471 veteres,
984 421 1063 462 nisi
1093 435 1143 462 ex
1166 418 1377 461 industria
1404 418 1458 461 de
1481 419 1622 462 diver-

342 511 398 553 sis
420 496 627 568 gradibus
651 510 925 567 cognationis
949 520 991 552 et
1017 509 1239 551 affinitatis
1265 514 1419 565 agunt,
1445 507 1625 552 subinde

342 613 434 642 non
462 599 563 641 satis
587 605 793 641 accurate
813 599 1067 656 loquuntur.
1128 598 1239 641 Rem
1264 597 1462 653 exemplo
1484 603 1627 639 osten-

344 689 461 731 dam.
506 687 629 738 Atia,
646 693 794 743 ,mater
817 686 1018 744 Augusti,
1045 693 1138 730 erat
1164 687 1254 729 filia
1278 687 1442 737 Juliae,
1471 685 1628 728 sororis

344 778 447 821 Julii
472 777 679 821 Caesaris.
710 776 867 834 Itaque
881 775 954 819 hic
970 776 1127 822 Caesar
1141 782 1248 827 erat,
1265 756 1505 819 secundum
1525 788 1632 833 cog·

341 867 531 910 nationis
553 867 759 924 gradum,
783 866 1045 910 avunculus
1075 881 1276 925 magnus
1305 866 1509 923 Augusti,
1541 865 1628 908 hoc

341 964 429 1007 est,
472 956 607 999 frater
643 956 764 999 aviae
804 955 1000 1013 Augusti.
1058 955 1111 997 Et
1149 956 1215 999 vel
1251 956 1311 998 sic
1343 962 1486 998 tamen
1512 955 1628 998 idem

341 1047 480 1090 Julius
495 1046 652 1090 Caesar
675 1045 808 1087 modo
823 1045 1002 1102 Augusti
1018 1045 1280 1087 avunculus
1306 1045 1476 1102 major,
1496 1044 1543 1086 id
1565 1049 1627 1086 est

338 1136 547 1194 proaviae
583 1135 717 1177 frater
752 1134 815 1191 (1)
837 1165 848 1184 ,
893 1134 1026 1175 modo
1055 1134 1305 1189 simpliciter
1335 1134 1624 1184 avunculus,

341 1226 389 1268 id
417 1232 480 1268 est
508 1223 656 1266 matris
681 1223 816 1265 frater
843 1222 907 1280 (2)
943 1223 1204 1279 appellatur.

395 1311 562 1354 Deinde
588 1316 748 1360 restat,
782 1316 829 1352 ut
857 1309 1131 1366 indagemus,
1165 1315 1304 1365 quoto
1332 1309 1484 1351 aetatis
1513 1322 1628 1351 anno

340 1403 526 1446 Marius
561 1400 738 1457 nuptias
776 1412 873 1441 suas
900 1412 999 1441 cum
1030 1397 1195 1440 Licinia
1226 1398 1505 1441 contraxerit.
1566 1398 1628 1440 Ex

341 1489 599 1536 Plutarcho
644 1486 709 1545 (3)
754 1487 933 1544 quidem
969 1487 1196 1537 discimus,
1229 1485 1314 1529 hoc
1335 1487 1430 1545 jam
1461 1487 1627 1530 factum

340 1581 483 1631 fuisse,
503 1585 739 1635 antequam
757 1590 855 1619 cum
879 1582 1004 1632 patre
1029 1574 1161 1618 hostis
1186 1576 1433 1618 declaratus
1446 1590 1498 1618 ex
1511 1575 1626 1618 Urbe

341 1668 599 1726 aufugisset,
632 1665 720 1708 hoc
744 1672 831 1715 est,
865 1671 966 1707 ante
989 1664 1040 1708 A.
1072 1665 1123 1707 U.
1145 1664 1192 1708 C.
1215 1665 1302 1709 665
1327 1665 1411 1722 (4).
1453 1665 1509 1708 At
1524 1677 1627 1710 vero

341 1758 430 1802 hoc
452 1771 532 1800 nos
557 1769 711 1812 parum
732 1753 882 1811 juvat,
916 1754 1020 1810 quia
1047 1753 1319 1810 ignoramus,
1353 1760 1462 1811 quot
1492 1767 1630 1796 annos

346 1847 531 1891 Marius
555 1851 661 1887 tunc
688 1850 816 1886 natus
837 1849 958 1886 esset.
994 1843 1037 1885 Si
1054 1843 1238 1887 Marius
1253 1843 1366 1885 intra
1381 1843 1630 1887 vicesimum

346 1937 500 1980 aetatis
544 1949 706 1977 annum
747 1933 1021 1976 consulatum
1061 1934 1214 1990 gessit,
1259 1941 1305 1975 ut
1345 1933 1435 1976 vult
1474 1939 1629 1976 auctor

343 2026 564 2082 Epitomes
601 2023 728 2065 Lz'vz'z’
750 2021 846 2079 (5),
878 2028 998 2064 certo
1029 2023 1187 2064 certius
1211 2029 1297 2073 est,
1333 2022 1475 2079 (quod
1502 2021 1629 2064 nimi-

343 2130 439 2158 rum
453 2114 556 2171 fuga
573 2112 665 2170 ejus
681 2125 731 2153 ex
744 2110 860 2153 Urbe
885 2116 1005 2152 sexto
1030 2123 1146 2152 anno
1168 2117 1267 2151 ante
1293 2110 1475 2160 accidit,
1493 2122 1627 2166 quam

345 2204 619 2248 consulatum
662 2198 900 2254 obtinuit),
945 2198 1083 2254 ipsum
1112 2212 1288 2241 uxorem
1317 2212 1433 2241 anno
1476 2199 1626 2242 aetatis

389 2426 442 2469 (1)
465 2426 605 2458 Sueton.
631 2423 666 2454 in
691 2422 840 2463 Augu-to
864 2430 936 2462 cap.
966 2418 999 2452 7.

386 2486 440 2530 (2)
464 2487 600 2518 Sueton.
621 2483 654 2515 in
675 2483 825 2524 Augusto
845 2490 919 2522 cap.
950 2479 1002 2511 10.

386 2547 440 2589 (3)
464 2545 555 2578 Plut.
580 2544 614 2575 in
633 2541 734 2575 Mario
753 2551 831 2585 pag.
854 2539 934 2571 426.
956 2539 996 2571 A.

386 2606 440 2649 (4)
463 2604 572 2647 Pighii
592 2602 713 2636 Annal.
739 2601 779 2634 ad
801 2601 836 2633 h.
861 2610 891 2632 a.

382 2665 438 2711 (5)
462 2666 530 2700 Liv.
558 2664 700 2706 Epitom.
726 2662 781 2694 Lib
822 2657 991 2693 [xxxvl.
