1872 3106
895 230 922 271 9

318 380 469 425 Rebus
490 381 551 423 ita
578 381 810 431 ordinatis,
844 381 900 423 ab
927 381 980 424 A.
1009 381 1057 425 U.
1084 380 1133 425 C.
1158 382 1247 424 310
1269 395 1347 438 per
1370 388 1544 437 septua·
1580 404 1588 411 ·

264 472 387 528 ginta
428 472 747 528 propemodum
794 484 932 514 annos
973 471 1108 514 modo
1150 471 1380 522 Consules,
1412 471 1547 513 modo

258 559 435 604 Tribuni
483 561 665 604 militum
721 561 939 604 consulari
977 567 1195 618 potestate
1231 560 1276 603 in
1318 559 1545 617 republica

256 649 378 693 suere
395 682 407 701 ,
436 658 567 707 prout
591 649 720 708 hujus
743 651 907 693 illiusve
931 650 1118 702 ordinis,
1149 650 1236 692 sive
1258 650 1432 706 patricii
1458 650 1547 695 sive

257 739 420 797 plebeji
435 771 447 791 ,
479 740 720 783 auctoritas
744 740 789 782 in
819 740 1004 783 comitiis
1028 740 1298 796 praevaleret
1317 739 1401 796 (1).

314 828 366 871 Et
404 842 461 872 ne
499 830 561 871 sic
593 831 768 887 quidem
802 828 1058 872 desinebant
1088 828 1251 871 tribuni
1290 827 1446 885 quAvis
1467 841 1546 871 oc-

256 918 431 960 casione
471 918 527 961 de
567 918 853 974 patriciorum
893 918 1096 975 superbia
1127 925 1171 961 et
1197 917 1367 975 injuriis
1391 917 1543 975 queri,

254 1012 297 1049 et
336 1007 503 1049 senatui
547 1008 764 1050 molestias
805 1021 968 1051 creare.
1039 1006 1094 1050 Id
1133 1009 1247 1051 enim
1283 1007 1543 1064 spectabant

254 1095 442 1145 tribuni,
486 1102 534 1138 ut
560 1096 683 1152 plebs
710 1097 756 1139 in
784 1097 1137 1140 administrandis
1175 1098 1303 1141 rebus
1327 1098 1542 1155 publicis,

253 1191 344 1228 tam
382 1185 538 1229 divinis
575 1200 710 1242 quam
749 1184 974 1237 humanis,
1018 1187 1173 1230 eodem
1211 1187 1390 1230 omnino
1414 1187 1543 1245 jure,

253 1288 345 1332 quo
367 1275 570 1331 patricii,
600 1274 858 1319 fruerentur.
919 1274 1065 1330 Quum
1091 1277 1206 1319 enim
1231 1275 1544 1330 obtinuissent,

252 1369 302 1406 ut
336 1363 455 1406 circa
490 1364 543 1407 Δ.
580 1362 631 1407 Π.
664 1363 708 1407 C.
734 1364 821 1408 387
848 1364 1011 1420 primus
1034 1379 1059 1407 e
1083 1365 1212 1421 plebe
1237 1365 1392 1410 Consul
1416 1380 1540 1409 crea·

253 1459 322 1496 tus
347 1460 455 1496 esset
474 1452 569 1512 (2),
597 1460 731 1511 atque
769 1461 942 1496 senatus
965 1468 1102 1498 novos
1127 1456 1376 1499 instituisset
1405 1457 1544 1514 magi-

248 1549 429 1595 stratus,
446 1544 731 1587 Praeturam
747 1549 792 1587 et
804 1543 1100 1588 Aedz'lz'latem
1122 1546 1363 1598 curulem,
1385 1547 1544 1604 quibus

251 1631 414 1676 factam
463 1646 542 1675 suo
590 1632 735 1675 ordini
778 1633 824 1676 in
865 1633 997 1677 causa
1043 1634 1300 1678 Consulatus
1319 1635 1544 1694 jacturam

249 1719 522 1764 restituerent
537 1721 630 1777 (3);
660 1723 871 1765 continuo
909 1723 1069 1780 plebeji
1111 1725 1282 1768 incitati
1307 1739 1330 1767 a
1359 1726 1543 1769 tribunis

246 1811 352 1853 istos
389 1824 570 1868 quoque
604 1809 791 1852 honores
826 1810 1070 1853 ambierunt
1101 1818 1144 1853 et
1174 1820 1439 1869 acceperunt
1458 1813 1541 1872 (4).

250 1899 396 1957 Atque
432 1899 636 1950 tandem,
678 1905 725 1941 ut
761 1899 879 1941 omni
916 1913 968 1942 ex
997 1906 1124 1956 parte
1153 1899 1266 1957 juris
1300 1903 1543 1959 aequalitas

250 1995 462 2040 exstaret,
507 2002 590 2032 nec
625 1988 821 2045 patriciis
859 1988 971 2031 ullus
1010 1988 1149 2032 honos
1179 1990 1326 2047 privus
1355 1993 1541 2049 amplius

247 2084 355 2121 esset
373 2108 384 2127 ,
417 2077 581 2135 plebeji
611 2078 826 2122 Censura
857 2093 1038 2137 quoque
1064 2079 1186 2137 fungi
1213 2094 1266 2123 ac
1289 2082 1539 2126 Sacrorum

247 2169 489 2211 antistites
522 2166 616 2210 fieri
655 2168 901 2212 voluerunt.
954 2168 1087 2224 Quod
1122 2170 1223 2227 ipsis
1263 2177 1407 2228 patres
1436 2171 1538 2216 item

246 2256 491 2300 concedere
517 2257 663 2299 coacti
689 2263 788 2300 sunt
804 2256 887 2313 (5).

285 2392 341 2436 (1)
365 2392 436 2427 Liv.
458 2391 531 2425 mh.
560 2391 619 2426 1v.
646 2401 723 2434 oap-
750 2390 784 2424 7.

289 2451 343 2495 (2)
365 2453 434 2487 liv.
458 2452 531 2487 uh.
558 2451 619 2485 vl.
645 2462 722 2495 cap.
746 2449 803 2483 ⁴2,

285 2513 340 2558 (s)
362 2512 432 2546 nv.
457 2512 530 2549 ub.
553 2512 630 2545 vu.
656 2522 733 2556 cap.
760 2512 791 2545 ι.

289 2571 344 2617 (4)
366 2572 435 2606 Liv.
459 2571 530 2606 m».
553 2572 629 2607 vu.
645 2572 669 2607 1.
693 2571 718 2607 1.
733 2595 742 2612 .
763 2571 859 2608 vlu.
884 2583 957 2617 cap.
986 2573 1038 2606 16.

286 2633 339 2675 (5)
362 2632 430 2668 mv.
459 2632 531 2666 tu».
556 2633 634 2667 vn.
662 2643 735 2677 oap-
760 2632 817 2666 22.
