1872 3106
811 220 866 262 65

190 385 284 415 sare
319 385 554 429 queamus,
600 372 773 414 minime
812 378 955 414 tamen
997 371 1149 422 video,
1189 373 1277 429 qua
1308 370 1476 413 ratione

191 460 329 503 filium
358 474 632 511 excusemus,
665 461 742 519 qui
767 461 812 504 in
834 461 1035 504 inimicos
1063 474 1162 503 suos
1187 459 1354 503 summa
1384 473 1478 502 sae-

193 551 295 595 vitia
315 557 531 608 grassatus
553 557 615 593 est
643 550 708 608 (1)
726 582 737 601 ,
770 564 907 609 quum
937 549 1043 592 nihil
1065 550 1221 607 egerit,
1253 549 1377 607 quod
1401 549 1482 592 ali·

189 642 279 698 qua
307 641 438 684 laude
467 640 646 699 dignum
669 640 739 683 sit.
781 639 996 697 Equidem
1020 645 1138 682 certe
1163 653 1260 682 eum
1286 640 1399 682 inter
1423 641 1482 683 is-

193 736 260 773 tos
285 730 559 773 referendum
577 730 784 781 arbitror,
811 730 888 787 qui
911 729 1117 772 Romano
1135 729 1301 772 nomini
1322 743 1482 788 magno

192 819 400 863 dedecori
424 820 613 863 fuerunt.

791 996 813 1054 ς
844 998 888 1041 8.

343 1177 415 1219 De
449 1175 500 1220 C.
533 1176 682 1218 Marii
709 1178 996 1233 propinquis
1028 1181 1072 1217 et
1101 1175 1335 1235 affinz'buS.

253 1354 316 1395 De
338 1352 578 1411 majoribus
603 1354 654 1398 0.
682 1355 833 1397 Marii
851 1354 930 1396 filii
957 1353 1044 1398 hoc
1072 1362 1240 1398 tantum
1263 1355 1488 1411 novimus,

195 1456 323 1486 avum
360 1443 494 1499 ipsius
532 1441 659 1485 fuisse
688 1443 916 1494 Manum,
951 1444 1198 1500 operarium
1233 1451 1275 1487 et
1310 1445 1487 1501 inopem

194 1531 438 1583 hominem,
484 1533 626 1576 aviam
663 1546 767 1577 vero
807 1533 1056 1578 Φουλκινίαν
1096 1533 1189 1592 (2),
1224 1534 1279 1577 de
1303 1534 1391 1592 qua
1419 1535 1488 1577 ni-

195 1621 255 1663 hil
289 1620 459 1671 habeo,
506 1622 631 1678 quod
666 1622 814 1665 dicere
851 1625 1025 1679 possim.
1087 1623 1194 1666 Tum
1223 1624 1490 1667 ostendimus

194 1712 328 1768 ipsius
351 1717 554 1768 parentes
576 1711 703 1754 fuisse
732 1711 782 1755 0.
799 1712 1003 1754 Marium
1030 1714 1186 1768 septies
1210 1714 1430 1756 consulem
1446 1721 1490 1757 et

199 1799 405 1849 Julz‘am,
438 1797 632 1842 Caesaris
655 1797 831 1839 amitam
866 1797 950 1854 (3).

259 1888 296 1931 A
325 1890 458 1945 stirpe
494 1901 598 1931 vero
622 1886 805 1944 paterna
832 1901 932 1930 cum
961 1888 1114 1930 Marto
1143 1887 1235 1929 filio
1264 1887 1493 1945 conjuncti

201 1979 401 2021 fuerunt:

258 2067 298 2110 1.
343 2066 483 2109 Patris
517 2067 639 2109 Marii
678 2081 837 2117 soror,
871 2079 986 2123 quae
1023 2066 1300 2108 matrimonio
1330 2066 1490 2123 juncta

199 2155 327 2199 fuisse
350 2156 523 2199 videtur
541 2170 641 2199 cum
667 2155 795 2198 Lusio
809 2156 1020 2213 quodam,
1039 2154 1212 2199 homine
1231 2156 1396 2213 ignoto,
1417 2169 1494 2198 cu-

197 2246 271 2303 jus
307 2259 523 2303 nusquam
550 2246 815 2289 mentionem
843 2246 1010 2298 inveni,
1048 2260 1130 2289 nec
1159 2260 1289 2303 quem
1317 2246 1494 2289 aiiunde

242 2438 296 2482 (l)
319 2438 395 2473 vid.
421 2438 462 2472 de
476 2438 514 2473 G.
532 2438 644 2472 Mario·
664 2438 724 2471 mii
747 2438 968 2480 crudelitate,
990 2442 1123 2484 praeter
1137 2439 1221 2472 aiios
1242 2440 1329 2473 Ποῖ.
1350 2440 1421 2476 Lib.
1436 2442 1502 2476 111.

327 2509 402 2543 cap.
427 2498 483 2533 21.
514 2499 530 2543 ς
556 2500 615 2534 20.
641 2510 694 2541 oq.

246 2559 298 2600 (2)
322 2559 491 2603 Interpre-
516 2560 606 2592 illam
634 2563 733 2593 vocat
760 2559 920 2594 Fulvsan·
935 2584 945 2601 ,
972 2562 1023 2593 Cf.
1049 2560 1141 2595 plut.
1156 2560 1189 2593 in
1204 2561 1304 2595 lario
1318 2572 1352 2606 p.
1367 2561 1446 2596 ⁴07.
1462 2563 1503 2597 A.

255 2620 311 2662 (³)
333 2619 408 2653 vid.
436 2630 534 2663 supra
557 2620 572 2663 ς
598 2620 632 2653 2.

1305 2702 1331 2740 5
