1872 3106
970 276 1025 318 78

346 428 410 469 his
445 427 606 470 verbis:
651 428 719 470 Ne
749 434 910 470 noster
934 429 1117 485 quidem
1149 426 1461 469 Gratidianus
1484 427 1628 486 officio

345 519 455 559 boni
490 519 587 560 viri
605 517 813 574 functus
856 524 927 562 est
964 524 1086 569 tum,
1130 532 1231 560 eum
1255 522 1456 575 praetor
1480 525 1628 569 esset,

346 606 681 664 collegiumque
713 613 984 664 praetorum
1007 608 1189 650 tribuni
1211 607 1362 665 plebis
1396 606 1634 650 adhibuis-

347 701 476 745 sent,
510 701 564 737 ut
588 710 664 738 res
687 700 905 740 numaria
929 699 985 739 de
1011 699 1241 739 communi
1259 697 1496 739 sententid
1527 712 1636 739 eon-

343 788 621 830 stitueretur
651 785 734 844 (l).
788 788 1074 831 Jaetabatur
1099 786 1162 843 (2)
1205 787 1324 828 enim
1355 786 1634 843 temporibus

343 876 443 917 illis
468 890 661 927 numus,
698 879 786 927 sie,
818 883 871 918 ut
901 891 1028 918 nemo
1054 881 1220 933 posset
1245 878 1382 926 scire,
1416 876 1534 934 quid
1552 875 1636 918 ha-

343 966 481 1009 beret.
548 967 944 1024 Conscripserunt
982 968 1284 1009 communiter
1307 967 1505 1009 edietum
1533 981 1635 1009 eum

333 1057 516 1114 poenit,
553 1062 694 1114 atque
717 1057 930 1114 judicio,
966 1057 1429 1113 constitueruntque,
1462 1062 1516 1098 ut
1546 1071 1638 1098 om—

343 1161 425 1189 nes
456 1147 600 1187 simul
632 1149 683 1187 in
721 1146 899 1199 Rostra
921 1151 1034 1202 post
1062 1146 1295 1187 meridiem
1321 1145 1636 1188 escenderent.

341 1235 406 1277 Et
441 1237 585 1277 ceteri
605 1236 789 1292 quidem
817 1235 945 1277 alius
973 1236 1098 1277 alio:
1130 1235 1315 1277 Marius
1341 1251 1372 1277 a
1395 1235 1635 1277 subselliis

340 1327 391 1367 in
420 1325 597 1368 Rostra
622 1330 776 1375 recta,
810 1325 949 1382 idque
976 1326 1105 1383 quod
1129 1327 1427 1367 communiter
1453 1340 1634 1382 compo-

342 1417 483 1456 situm
512 1413 707 1470 fuerat,
742 1414 873 1455 solus
902 1415 1064 1456 edixit.
1125 1413 1188 1454 Et
1212 1428 1268 1455 ea
1291 1428 1394 1467 res,
1425 1415 1473 1455 si
1491 1427 1634 1470 quae-

341 1506 434 1554 ris,
479 1506 726 1568 ei5magno
762 1502 933 1544 honori
954 1501 1075 1558 fuit.
1143 1501 1363 1544 Omnibus
1392 1504 1507 1568 vicis
1534 1507 1633 1546 sta-

341 1600 451 1637 tuae
480 1593 575 1651 (3).·
610 1594 676 1635 ad
703 1607 784 1635 eas
816 1597 917 1642 tus,
952 1594 1084 1634 cerei.
1151 1591 1276 1648 Quid
1302 1592 1486 1635 multa?²
1505 1607 1634 1636 nemo

340 1699 557 1741 umquam
580 1679 988 1736 multitudinifuit
1008 1683 1179 1723 carior.
1222 1682 1348 1723 Haec
1366 1687 1498 1731 sunt,
1513 1696 1632 1740 quae

338 1773 622 1817 conturbant
659 1774 710 1813 in
747 1771 1082 1815 deliberatione
1123 1784 1498 1828 nonnumquam,
1533 1786 1634 1815 oum

377 2010 429 2053 (1)
452 2009 497 2042 Ut
520 2017 574 2039 ree
594 2005 747 2038 numeria
767 2004 978 2038 ordinaretur
1002 2007 1037 2037 et
1058 2007 1224 2049 pecuniae
1249 2008 1378 2039 certum
1403 2018 1443 2041 ac
1454 2008 1640 2051 legitimum

461 2068 606 2113 pretium
625 2068 843 2099 statueretur.

381 2131 438 2176 (2)
461 2129 623 2171 Lar-qius
647 2130 683 2160 et
693 2126 889 2159 Lambinus
910 2125 1108 2158 dubitarunt
1134 2137 1176 2158 en
1194 2127 1307 2159 laum
1319 2127 1488 2161 diceretur
1509 2139 1641 2163 numus

454 2192 623 2234 ,iactatur
642 2198 703 2231 pro
725 2188 903 2220 incertum
923 2187 1026 2219 numi
1045 2188 1206 2229 pretium
1230 2192 1305 2220 est:
1331 2188 1504 2221 Graeviue
1515 2201 1594 2223 vero
1605 2193 1642 2224 et

460 2249 685 2284 Faeeiolatue
717 2250 753 2281 et
786 2248 843 2280 alii
882 2247 1098 2280 crediderunt
1132 2247 1197 2279 hoc
1230 2250 1322 2280 recte
1353 2249 1401 2280 ita
1426 2249 1494 2281 dici
1516 2261 1638 2293 posse,

461 2312 625 2354 siquidem
641 2309 781 2353 ,iactari
805 2307 1019 2347 dicerentur,
1046 2317 1132 2349 quae
1159 2309 1253 2340 certo
1278 2308 1354 2341 loco
1379 2319 1448 2341 non
1472 2311 1639 2344 consiste-

462 2376 540 2406 rent
554 2395 564 2412 ,
601 2371 838 2409 variarentur,
873 2370 909 2400 et
933 2367 1033 2400 modo
1056 2368 1324 2409 extollerentuu
1349 2370 1447 2402 modo
1472 2370 1639 2414 depfime-

462 2435 594 2466 rentur.
640 2431 830 2474 Exemplum
854 2429 957 2471 hujus
979 2428 1138 2461 dictionis
1163 2429 1253 2462 haud
1275 2433 1403 2463 exstare
1427 2431 1541 2466 credo.
1576 2433 1640 2465 Ge-

460 2497 570 2526 terum
598 2493 642 2526 de
676 2491 750 2535 ipse
781 2489 967 2524 Gratidiani
995 2490 1070 2532 lege
1102 2490 1171 2524 vid.
1205 2491 1351 2524 Gronov.
1375 2491 1417 2524 de
1447 2493 1529 2526 Pec.
1556 2492 1636 2527 Vet.

463 2566 498 2597 p.
523 2555 603 2586 661.

383 2616 436 2659 (3)
458 2615 580 2648 Eadem
618 2615 771 2646 referunt
805 2612 894 2645 Plin.
929 2611 1016 2644 mat.
1053 2611 1130 2644 Nat.
1167 2610 1239 2645 zib.
1264 2610 1407 2643 XXXIII
1431 2622 1506 2656 cap.
1530 2613 1576 2652 9,
1603 2614 1638 2646 et

464 2675 535 2708 Lib.
562 2674 694 2707 XXXIV
718 2684 791 2716 cap.
815 2672 837 2703 6
853 2693 863 2712 ‚
888 2682 953 2704 nec
976 2681 1044 2704 non
1067 2671 1191 2705 Seneca
1217 2671 1259 2704 de
1284 2671 1337 2704 115
1352 2671 1423 2705 Lib.
1440 2672 1493 2704 111
1506 2683 1567 2716 cap
1583 2673 1636 2706 18.
