1872 3106
1015 251 1075 296 84

412 421 576 451 nomen
606 410 869 458 invaserat,
901 405 1116 450 convertit
1140 418 1184 446 se
1213 403 1271 445 ad
1284 402 1696 452 Ciceronem,eum·

413 512 500 554 que
538 497 729 553 rogavit,
769 503 816 538 ut
853 495 909 538 ab
947 496 1042 552 ipso
1079 492 1386 536 defenderetur
1417 497 1572 534 contra
1598 504 1695 542 eos,

413 587 490 643 qui
525 591 735 644 negarent
774 599 873 628 eum
916 585 966 628 C.
995 585 1145 627 Marii
1168 583 1324 639 septies
1351 581 1540 624 consulis
1567 595 1706 638 nepo-

415 684 502 718 tem
523 690 626 718 esse.
656 674 817 717 Scribit
836 675 950 716 enim
975 674 1135 717 Cicero
1157 673 1216 715 ad
1239 673 1430 715 Atticum
1451 671 1533 729 (l).
1567 672 1703 722 Heri,

416 782 511 808 non
536 764 680 807 multo
698 769 834 821 post,
868 778 1007 820 quam
1032 765 1084 805 tu
1108 778 1140 806 a
1166 778 1234 806 me
1258 763 1538 812 discessisti,
1563 765 1705 818 puto,

418 856 610 912 quidam
648 854 843 904 urbani,
878 858 931 894 ut
961 853 1265 903 videbantur,
1300 853 1366 894 ad
1389 867 1457 894 me
1482 851 1711 893 mandata

417 948 463 986 et
490 945 656 985 literas
689 943 956 985 attulerunt
980 957 1010 985 a
1037 943 1088 985 C.
1113 942 1267 984 Mario
1296 941 1346 985 C.
1365 940 1416 983 F.
1438 940 1487 983 O.
1512 939 1571 982 Ν.
1595 938 1713 981 mul-

415 1032 478 1071 tis
499 1029 651 1072 verbis
666 1044 804 1086 ayere
816 1044 987 1073 mecum
999 1043 1092 1085 per
1104 1028 1450 1085 cognationem,
1465 1040 1587 1083 quae
1602 1024 1719 1067 milii

418 1134 569 1162 secum
598 1125 741 1169 esset,
764 1133 856 1176 per
877 1133 978 1161 eum
1001 1117 1223 1167 Marium,
1241 1130 1374 1173 quem
1399 1116 1711 1172 scripsissem,

414 1223 504 1265 per
530 1209 841 1265 eloquentiam
867 1207 919 1249 L.
950 1179 1134 1256 Crassi,
1169 1206 1251 1247 avi
1269 1205 1366 1254 sui,
1394 1209 1447 1245 ut
1471 1217 1522 1245 se
1547 1201 1714 1258 defen·

419 1298 593 1340 derem:
626 1310 910 1353 causamque
948 1310 1082 1337 suam
1130 1293 1245 1335 mihi
1271 1293 1570 1350 perscripffl't.
1622 1291 1714 1334 Re-

422 1387 611 1443 scripsi‚
650 1391 853 1442 patrono
891 1384 971 1425 illi
1003 1382 1128 1424 nihil
1164 1396 1280 1439 opus
1317 1396 1446 1431 esse,
1490 1382 1712 1437 quoniam

428 1475 648 1518 Caesaris
661 1496 677 1524 ,ι
701 1476 962 1530 propinqui
987 1473 1115 1529 ejus,
1148 1473 1296 1513 omnis
1325 1475 1542 1526 potestas
1567 1475 1710 1520 esset,

420 1567 517 1606 viri
546 1564 730 1619 optimi,
773 1567 818 1605 et
852 1561 1050 1604 hominis
1085 1560 1429 1602 liberalissimi:
1451 1574 1532 1602 ⁴me
1558 1564 1712 1602 tamen

423 1656 469 1695 ei
489 1652 760 1708 fauturum.
849 1711 852 1713 -

482 1742 628 1798 Atque
655 1741 742 1782 alio
766 1714 868 1783 loco
888 1739 951 1796 (2)
981 1739 1110 1782 dicit:
1139 1738 1371 1796 Exspecto
1396 1738 1514 1794 quid
1533 1738 1588 1779 de
1612 1737 1717 1779 Ma-

423 1833 520 1873 rio:
546 1845 680 1888 quem
700 1830 883 1887 quidem
908 1814 994 1886 ego
1019 1828 1255 1870 sublatum
1279 1827 1419 1869 rebar
1437 1843 1468 1868 a
1495 1826 1713 1869 Caesare.

426 1920 478 1961 Et
507 1920 698 1976 denique
727 1919 773 1960 in
802 1917 974 1960 duabus
1000 1917 1095 1958 aliis
1123 1916 1315 1973 epistolis
1340 1914 1405 1971 (3)
1448 1914 1636 1958 breviter
1662 1914 1718 1956 de

423 2010 507 2051 isto
542 2007 718 2050 homine
755 2007 953 2063 loquitur
984 2005 1071 2048 hoc
1098 2004 1254 2047 mode:
1286 2004 1493 2046 Paullus
1522 2003 1638 2046 mihi
1656 2003 1713 2046 de

423 2100 577 2141 Mario
602 2103 646 2140 et
676 2098 732 2139 de
767 2095 1001 2152 republica
1031 2095 1130 2138 alia
1158 2095 1388 2152 quaedam
1411 2095 1634 2158 pessima:
1662 2113 1715 2122 ·-

424 2186 499 2230 De
532 2187 686 2230 Mario
714 2185 889 2242 probe:
928 2186 1020 2226 etsi
1054 2183 1186 2226 doleo
1215 2183 1266 2225 L.
1298 2182 1467 2225 Crassi
1488 2187 1713 2238 nepotem.

483 2366 580 2407 Jam
606 2370 751 2406 autem
776 2376 829 2404 ex
854 2360 940 2412 his,
971 2374 1084 2419 quos
1109 2361 1240 2405 citavi
1259 2361 1570 2418 ScriptoribuS,
1588 2362 1711 2407 vide·

460 2533 512 2575 (l)
536 2533 606 2565 Cic.
631 2531 726 2574 Epist
748 2528 790 2562 ad
814 2528 921 2562 Attio.
946 2526 1020 2560 Lib.
1045 2526 1122 2558 xn.
1146 2526 1206 2569 Ep.
1231 2525 1287 2560 ⁴9.

460 2592 512 2635 (2)
537 2592 607 2626 Cic.
633 2592 738 2634 Epist.
763 2589 805 2622 ad
827 2587 934 2621 Attio.
961 2586 1033 2620 Lib.
1058 2586 1148 2619 XIV.
1172 2586 1274 2628 Epist.
1298 2586 1333 2618 6.

456 2652 512 2696 (3)
536 2652 606 2685 Cic.
631 2651 735 2694 Epist.
761 2650 802 2683 ad
826 2648 932 2682 Attio.
959 2646 1030 2681 Lib.
1057 2646 1144 2679 xlv.
1168 2646 1273 2690 Epist.
1301 2644 1332 2678 7.
1357 2644 1387 2677 Sc
1412 2647 1447 2682 8.
