1872 3106
907 207 964 251 93

290 360 440 415 Quum
465 359 668 403 nimirum
694 360 750 403 Μ.
782 359 972 403 Scaurus
997 373 1050 402 ex
1073 356 1280 416 praetura
1302 355 1470 399 urbana
1482 355 1585 398 Sar-

295 449 459 492 diniam
495 449 768 507 provinciam
809 449 1088 500 obtinuisset,
1133 455 1268 506 atque
1296 446 1423 489 Sardi
1449 446 1505 489 de
1530 459 1585 488 eo

295 539 467 583 Romae
506 540 647 597 questi
692 547 853 590 essent,
901 538 950 583 P.
989 539 1187 584 Valerius
1228 537 1436 588 Triarius,
1476 535 1587 579 ado-

293 629 462 672 lescens
505 629 564 671 ad
605 629 843 673 dicendum
882 635 1060 687 paratus
1099 634 1143 671 et
1167 634 1301 670 notae
1325 626 1586 677 industriae,

298 712 418 761 hunc
453 718 666 763 Scaurum
699 719 821 776 apud
853 720 909 762 M.
946 719 1156 763 Catonem
1183 717 1436 760 Praetorem
1463 729 1590 773 repe-

294 808 532 852 tundarum
573 810 818 860 accusavit,
864 816 907 852 et
946 809 1261 865 subscriptores
1297 806 1589 851 accusationis

295 911 395 940 cum
436 898 569 949 alios,
609 905 700 942 tum
737 899 868 942 etiam
897 899 950 942 L.
982 899 1187 942 Marium
1211 899 1266 943 L.
1299 898 1351 941 F.
1390 896 1588 940 habuisse

294 984 473 1030 dicitur.

919 1109 963 1150 5.

729 1255 921 1298 Marcus
960 1256 1162 1299 Marius.

350 1433 431 1475 Hic
467 1431 600 1475 homo
642 1433 826 1475 disertus
863 1440 906 1475 et
947 1433 1106 1475 nobilis
1135 1439 1320 1476 vocatur
1348 1448 1373 1476 a
1405 1433 1588 1477 Cicero-

296 1537 354 1565 ne
372 1521 461 1579 (l),
483 1528 526 1564 et
545 1535 628 1579 pro
646 1522 887 1568 Valentinis
909 1522 1246 1579 municipalibus
1271 1522 1391 1579 apud
1415 1522 1463 1567 C.
1480 1524 1590 1569 Ver·

293 1626 383 1654 rem
412 1612 586 1655 locutus
614 1613 743 1655 fuisse
767 1619 986 1656 narratur.
1030 1612 1137 1667 Quis
1149 1613 1300 1665 fuerit,
1317 1614 1581 1672 ignoramus,

296 1708 340 1744 at
373 1701 566 1745 diversus
594 1702 724 1745 fuisse
753 1701 924 1745 videtur
955 1701 1012 1743 ab
1043 1701 1130 1744 alio
1161 1702 1355 1760 ejusdem
1385 1705 1571 1747 nominis

917 1880 960 1922 6.

758 2057 917 2100 Marco
949 2057 1122 2107 Mario,

291 2237 352 2280 ad
373 2250 505 2295 quem
529 2235 689 2280 Cicero
709 2234 774 2293 (2)
803 2242 996 2293 quatuor
1014 2235 1220 2293 epistolas
1240 2236 1425 2293 scripsit.
1469 2238 1583 2283 Cor-

293 2326 440 2369 radus
468 2325 586 2369 hunc
613 2325 679 2369 M.
707 2325 912 2368 Marium
938 2325 1124 2368 eundem
1153 2339 1241 2368 esse
1271 2326 1420 2369 statuit
1447 2333 1582 2387 atque

331 2553 384 2599 (1)
407 2557 477 2589 Cio.
502 2557 594 2590 orat.
618 2555 751 2589 verrin.
777 2554 818 2588 V.
845 2565 877 2588 ο.
903 2554 962 2590 16.

333 2615 387 2661 (2)
410 2616 479 2649 cie.
504 2616 607 2660 api-t.
634 2615 675 2647 ad
701 2615 828 2647 Divers-
854 2614 926 2651 Lib.
951 2615 1028 2650 vu.
1056 2616 1147 2659 Epist
1175 2616 1204 2649 l.
1227 2617 1262 2651 2.
1290 2616 1323 2650 3.
1347 2617 1381 2651 4.
