1872 3106
988 268 1046 311 80

375 421 463 462 sua
490 419 684 462 dextera
711 422 928 470 secuerit,
963 435 1061 463 cum
1092 423 1291 464 sinistra
1317 422 1538 479 capillum
1554 425 1657 482 ejus

375 528 405 554 a
436 511 604 553 vertice
631 510 848 553 teneret?
879 517 1021 567 caput
1051 513 1140 554 sud
1171 526 1311 554 manu
1338 511 1526 563 tulerit,
1561 528 1660 556 cum

374 604 501 643 inter
521 601 699 657 digitos
727 601 832 657 ejus
856 602 952 643 rivi
973 602 1227 659 sanguinis
1237 600 1473 658 fluerent,

433 780 542 823 Item
572 778 804 822 Asconius
833 780 1076 823 Pedianus
1109 781 1190 837 (1).

433 961 496 1002 M.
530 960 681 1002 Marii
705 958 981 1002 Gratidiani
999 962 1166 1002 summi
1172 961 1425 1017 popularis
1442 960 1660 1010 hominis,

377 1053 463 1108 qui
484 1051 536 1092 ob
556 1051 609 1092 id
629 1050 696 1092 bis
715 1055 912 1107 praetor
910 1048 1034 1105 fuit,
1053 1055 1195 1106 caput
1210 1050 1465 1093 abscissum
1476 1065 1565 1108 per
1585 1052 1666 1094 Ur-

379 1141 474 1183 bem
504 1140 594 1182 sud
625 1153 765 1182 manu
796 1139 1007 1189 Catilina
1030 1138 1221 1181 tulerat.
1281 1139 1454 1181 Fuerat
1471 1154 1578 1203 vero
1596 1140 1669 1182 hie

381 1227 695 1272 Gratidianus
746 1227 880 1270 arcta
929 1227 1272 1270 necessitudine
1313 1228 1530 1273 Ciceroni
1561 1245 1668 1272 con-

370 1319 590 1376 junctus.

444 1497 550 1539 Tum
577 1495 754 1539 Seneca
783 1496 865 1551 (2).

439 1645 505 1687 M.
537 1644 718 1694 Mario,
753 1645 832 1686 cui
850 1645 1038 1685 vicatim
1058 1644 1268 1700 populus
1294 1650 1483 1687 statuas
1498 1660 1669 1702 posue·

381 1740 485 1784 rat,
517 1735 595 1776 cui
620 1732 757 1775 thure
785 1737 829 1774 et
854 1734 963 1773 vino
987 1733 1310 1789 supplicabat,
1345 1735 1397 1776 L.
1417 1733 1552 1790 Sylla
1562 1750 1673 1792 per-

373 1823 545 1881 sringi
567 1836 732 1872 crura,
767 1823 874 1864 erui
897 1811 1076 1872 oculos,
1111 1826 1353 1879 amputari
1378 1839 1546 1866 manus
1561 1823 1674 1880 jus-

386 1915 451 1955 sit
461 1928 481 1966 ;
527 1917 581 1953 ut
618 1913 763 1969 quasi
792 1912 929 1952 toties
963 1911 1211 1962 occideret,
1245 1914 1427 1968 quoties
1457 1912 1677 1955 vulnera-

388 2004 491 2053 bat,
530 2000 787 2059 paullatim
824 2004 869 2043 et
906 2014 997 2056 per
1023 1999 1242 2056 singulos
1274 2007 1410 2043 artus
1436 2002 1679 2045 laceravit.

395 2092 511 2151 Quis
551 2096 653 2134 erat
689 2089 833 2146 hujus
867 2090 1054 2145 imperii
1096 2088 1342 2131 minister?
1407 2090 1551 2146 Quis,
1586 2093 1686 2133 nisi

393 2181 626 2231 Catilina,
652 2179 760 2237 jam
783 2180 836 2219 in
862 2192 992 2220 omne
1007 2176 1211 2233 facinus
1234 2192 1400 2219 manus
1423 2178 1677 2222 exercens?

389 2272 479 2314 Hic
514 2271 648 2313 illum
681 2274 791 2311 ante
821 2263 1004 2309 bustum
1040 2265 1092 2322 Q.
1126 2264 1289 2308 Catuli
1302 2267 1539 2324 carpebat,
1564 2283 1681 2325 gra-

391 2363 613 2404 vissimus
644 2358 880 2402 mitissimi
903 2357 999 2399 viri
1023 2357 1254 2399 cineribus
1269 2372 1284 2399 .·
1317 2372 1465 2414 supra
1479 2373 1596 2417 quos
1610 2361 1686 2401 vir

432 2610 483 2651 (1)
507 2610 618 2642 Ascon
640 2607 765 2640 Pedian
792 2605 834 2638 ad
856 2604 926 2637 Cic.
953 2603 986 2635 in
1012 2603 1101 2645 Toga
1125 2603 1227 2638 Cand.
1254 2603 1278 2636 l.
1305 2603 1331 2636 1.

436 2671 490 2714 (2)
512 2671 637 2702 Seneca
664 2668 704 2702 de
727 2667 781 2699 Ira
808 2665 879 2699 Lib.
906 2664 973 2700 111.
998 2675 1072 2707 cap.
1103 2664 1156 2696 18.
