1872 3106
987 245 1040 286 72

380 398 431 433 ut
458 393 656 441 dieitur,
695 391 963 444 Gratidius,
999 409 1115 452 quos
1142 402 1254 452 post
1265 396 1406 453 filius
1432 398 1535 454 ejus
1554 399 1661 442 Ma·

378 482 479 522 rius
499 482 548 522 in
561 480 748 538 Aegaeo
765 485 987 526 excitavit
1002 486 1136 527 mari.
1148 484 1376 527 Praeterea
1391 492 1527 528 exstat
1542 487 1660 543 apud

382 570 646 613 Ciceronem
689 571 752 628 (Ι)
802 573 909 614 alius
941 573 1089 624 locus,
1121 573 1198 615 ubi
1232 573 1477 624 Gratidius
1503 574 1664 618 dicitur

373 660 530 702 Marce·
568 660 719 702 Marz'z'
755 659 1031 704 Gratidiam·
1059 668 1214 719 pater.
1276 663 1361 716 Qui
1399 661 1524 707 locus
1550 665 1663 708 adeo

373 732 561 792 difficilis
598 749 702 792 mihi
740 758 803 793 est
843 750 902 792 ad
939 751 1293 808 intelligendum,
1327 760 1399 804 ut,
1435 754 1662 810 quomodo

366 841 647 896 interpreter,
681 840 810 896 plane
837 840 1042 883 nesciam.

430 930 647 984 Quoniam
686 943 789 972 vero
824 930 964 985 ipsum
1006 931 1156 973 Marii
1195 930 1471 976 Gratidiani
1497 945 1658 976 nomen

370 1019 471 1060 satis
504 1018 696 1069 indicat,
734 1018 852 1061 hunc
884 1019 1067 1061 Gratidii
1095 1019 1258 1070 filium,
1290 1028 1464 1077 praeter
1490 1028 1660 1078 patrem

367 1109 635 1161 naturalem,
682 1108 811 1150 etiam
854 1109 1147 1165 adoptivum,
1188 1110 1391 1153 Marium
1424 1111 1661 1168 quemdam

367 1198 590 1241 habuisse:
623 1211 714 1240 non
737 1198 826 1239 sine
853 1197 984 1240 causa
1007 1198 1254 1254 quaeritur,
1275 1179 1372 1256 quis
1386 1200 1459 1242 ille
1473 1201 1658 1244 Marius

364 1289 518 1339 fuerit,
553 1303 576 1330 a
602 1302 692 1345 quo
723 1288 906 1330 Gratidii
932 1287 1046 1329 filius
1072 1287 1307 1344 adoptatus
1336 1289 1404 1332 sit.

421 1380 484 1422 De
526 1379 614 1422 hoc
656 1379 788 1436 igitur
830 1378 1039 1434 adoptivo
1074 1385 1199 1434 patre
1226 1379 1315 1423 Viri
1341 1379 1467 1421 Docti
1493 1379 1656 1422 dissen-

364 1441 491 1511 tiunt.
533 1469 649 1510 Duas
674 1467 869 1524 inprimis
898 1466 1087 1510 diversas
1111 1467 1283 1508 illorum
1306 1469 1537 1510 sententias
1552 1469 1654 1511 ferri

362 1557 507 1600 video.
567 1557 651 1598 Alii
690 1556 828 1606 enim,
875 1569 1064 1613 quorum
1092 1557 1296 1612 princeps
1323 1563 1386 1599 est
1416 1559 1491 1601 Jo.
1524 1557 1650 1601 Fn‘d.

368 1645 631 1688 Gronovius
677 1645 771 1703 (2),
815 1645 936 1687 illum
972 1647 1166 1688 Marcum
1202 1646 1382 1688 Marium
1423 1646 1473 1689 C'.
1510 1647 1660 1689 Marii

362 1734 519 1791 septies
551 1734 746 1778 Consulis
772 1741 1000 1793 patruum
1027 1734 1154 1777 fuisse
1178 1741 1386 1778 statuunt.
1439 1735 1652 1792 Aliincon-

360 1831 428 1866 tra
465 1837 542 1873 ea,
591 1836 806 1879 quorum,
844 1829 891 1864 ut
920 1806 979 1864 itu
1009 1823 1179 1876 dicam,
1215 1838 1368 1881 agmen
1394 1824 1516 1867 ducit
1542 1827 1650 1870 Jae.

361 1913 640 1956 Perizonius
680 1911 773 1968 (3),
818 1925 916 1954 eum
943 1926 1033 1954 non
1059 1920 1283 1968 patruum,
1317 1913 1392 1955 sed
1422 1914 1472 1957 0.
1505 1914 1654 1957 Marii

359 2003 514 2059 septies
552 2001 741 2044 consulis
771 2000 982 2057 fratrem
1022 2001 1150 2044 fuisse
1191 2002 1478 2046 contendunt.
1549 2003 1646 2048 Jam

361 2097 534 2141 autem,
578 2103 715 2147 quum
747 2089 792 2131 in
819 2091 989 2145 scriptis
1015 2091 1217 2135 Veterum
1244 2105 1388 2146 neque
1406 2097 1644 2147 patruus,

358 2194 503 2237 neque
526 2178 695 2236 frater
721 2177 771 2221 C.
802 2178 952 2221 Mam·
973 2179 1230 2221 nominatim
1256 2186 1642 2231 commemoretur,

360 2272 488 2314 certis
525 2275 565 2313 et
602 2275 722 2312 extra
759 2280 929 2309 omnem
971 2268 1308 2310 controversiam
1337 2269 1486 2324 positis
1513 2282 1644 2326 argu-

393 2516 447 2559 (1)
470 2516 539 2550 Cic.
565 2517 600 2548 in
621 2517 723 2549 Bruto
749 2527 823 2561 cap.
850 2516 907 2551 45.
939 2529 941 2531 ·

387 2577 447 2621 (2)
471 2576 642 2610 observat.
669 2578 739 2610 Lib.
764 2578 813 2611 11.
836 2589 910 2622 cap.
934 2578 969 2612 6.
995 2590 1028 2621 p.
1055 2589 1100 2612 m.
1128 2578 1203 2615 197.

389 2636 442 2680 (3)
457 2637 640 2678 Animadv.
668 2638 756 2675 mut.
781 2649 854 2683 cap.
879 2639 944 2672 111.
970 2649 1004 2682 p.
1028 2639 1085 2674 98.
1112 2650 1164 2681 aq.
