1872 3106
983 262 1038 304 74

376 415 540 469 Quodsi
568 415 680 458 enim
709 429 854 458 verum
886 421 971 466 est,
1008 415 1063 457 de
1092 427 1186 471 quo
1208 414 1345 456 Fasti
1359 427 1439 457 nos
1458 414 1656 459 dubitare

371 519 461 547 non
484 505 653 555 sinunt,
692 505 743 548 0.
775 505 978 547 Marium
1003 505 1055 548 A.
1086 505 1137 547 U.
1169 503 1217 547 C.
1249 503 1355 556 667,
1388 504 1540 548 aetatis
1555 519 1657 550 vero

372 594 713 652 septuagesimo,
748 601 966 636 mortuum
993 595 1120 637 fuisse
1136 626 1147 645 ‚
1179 609 1262 637 nec
1286 595 1374 636 ulla
1398 595 1512 637 ratio
1525 594 1660 645 adsit,

372 698 452 725 cur
480 657 727 725 statuamus'
753 683 1084 727 Gratidianum
1112 698 1202 726 non
1228 698 1306 726 suo
1335 690 1552 741 tempore,
1587 684 1664 727 sed

372 773 492 828 prius
509 805 521 826 ,
561 772 648 815 hoc
686 779 749 815 est
786 779 887 815 ante
913 787 1072 816 annum
1096 774 1249 816 aetatis
1271 788 1374 816 suae
1399 775 1664 831 trigesimum

371 863 585 918 primum,
628 869 908 920 quaesturam
949 864 1146 920 gessisse;
1190 863 1292 906 inde
1334 865 1492 920 procul
1525 863 1662 906 dubio

369 954 591 1010 sequitur,
630 952 959 1008 Gratidianum
985 955 1103 996 circa
1131 953 1181 996 A.
1215 954 1270 997 U.
1297 954 1343 997 C.
1377 955 1464 996 625
1489 960 1660 1004 natum,

369 1045 561 1101 ideoque
593 1044 642 1087 0.
677 1046 830 1088 Mario
854 1051 978 1100 patre
1002 1045 1151 1101 viginti
1178 1051 1282 1087 octo
1308 1046 1431 1087 annis
1451 1046 1663 1088 minorem

371 1134 523 1185 fuisse,
558 1135 724 1191 quippe
754 1134 880 1191 cujus
909 1148 1046 1176 annus
1073 1136 1231 1176 natalis
1255 1135 1424 1179 incidat
1453 1136 1498 1178 in
1526 1137 1578 1180 A.
1609 1137 1660 1180 U.

372 1225 419 1268 C.
450 1225 552 1269 597.

430 1315 542 1359 Vere
576 1313 709 1370 igitur
742 1312 911 1369 scripsit
943 1314 1223 1356 Perizonius
1254 1313 1348 1371 (1):
1382 1315 1523 1357 Ratio
1554 1322 1664 1358 tem-

370 1407 505 1462 poris
544 1405 625 1446 vix
654 1405 846 1459 patitur
882 1401 1214 1445 Gratidianum
1241 1403 1364 1445 huno
1393 1405 1667 1460 adoptatum

367 1493 533 1550 fuisse
574 1509 604 1536 a
631 1480 810 1550 patruo
847 1493 896 1535 C.
929 1493 1079 1534 Marii
1103 1495 1275 1549 septies
1310 1493 1552 1545 Consulis,
1587 1498 1672 1552 qui

376 1590 546 1642 quarto
561 1584 723 1641 utique
741 1597 867 1625 anno
885 1588 995 1625 ante
1010 1581 1353 1632 Gratidianum,
1378 1585 1428 1624 in
1436 1582 1568 1638 flore
1589 1599 1667 1627 ae·

376 1677 492 1716 tatis
532 1675 841 1722 exstinctum,
871 1677 1083 1714 mortuus
1103 1669 1231 1726 fuit,
1266 1677 1312 1714 et
1340 1677 1494 1714 tamen
1527 1687 1668 1730 quum

377 1769 645 1812 moreretur,
672 1763 855 1819 aliquot
882 1763 1022 1809 annis
1057 1763 1229 1803 aetati-5·
1267 1775 1381 1803 suae
1416 1767 1670 1820 septuage-

376 1857 542 1897 simum
559 1852 668 1909 jam
692 1855 960 1894 excesserat
992 1849 1076 1904 (2).

418 2064 471 2107 (1)
494 2063 648 2096 Perizon.
674 2063 709 2094 in
735 2063 908 2096 Animadv.
932 2063 1018 2097 mot.
1045 2074 1121 2107 cap.
1147 2063 1213 2096 111.
1237 2075 1272 2107 p.
1296 2064 1353 2096 99.

419 2125 472 2169 (2)
494 2123 712 2156 Plutarchus
745 2124 851 2156 refert
873 2124 908 2156 in
934 2124 1035 2157 llario
1056 2135 1091 2167 p.
1117 2123 1196 2157 432.
1221 2124 1259 2157 Β.
1285 2122 1443 2156 Marium
1465 2122 1677 2165 septuaginta

499 2195 604 2218 annot
629 2187 745 2218 natum
769 2187 893 2217 sortem
917 2196 1008 2218 auam
1035 2186 1251 2218 lamentatum
1276 2185 1378 2217 suiaae
1393 2206 1403 2223 ,
1429 2194 1532 2226 quum
1553 2184 1677 2227 nepties

503 2246 622 2279 consul
645 2245 784 2284 fuisset,
811 2245 906 2287 quasi
925 2246 1099 2278 immature
1118 2256 1157 2277 ex
1170 2245 1234 2277 hae
1247 2245 1317 2277 vita
1330 2245 1521 2278 decederet.
1553 2244 1678 2287 Quodsi

500 2307 604 2349 igitur
629 2306 771 2338 dicimus
794 2306 830 2338 C.
857 2305 1015 2338 Marium
1037 2307 1205 2338 mortuum
1218 2305 1341 2345 fuisse,
1359 2308 1445 2338 teate
1460 2305 1675 2344 Plutarcho,

500 2377 588 2399 anno
614 2366 735 2399 aetatis
753 2366 1020 2409 aeptuageaimo,
1045 2365 1110 2398 hoo
1129 2366 1176 2398 ita
1198 2365 1450 2407 intelligendum
1472 2367 1524 2398 est
1537 2389 1546 2405 ,
1569 2365 1678 2408 ipaum

500 2437 570 2460 non
606 2429 686 2460 ante
719 2426 815 2458 illum
846 2436 968 2458 annum
1003 2426 1090 2458 diem
1122 2426 1244 2459 obiisse
1269 2436 1470 2469 supremum.
1517 2425 1678 2467 Equidem

503 2487 592 2519 enim
626 2487 765 2530 opinor,
805 2487 842 2518 G.
879 2485 1060 2526 Marium,
1089 2497 1192 2528 quum
1217 2489 1427 2526 moreretur,
1455 2489 1676 2530 septuagena-

505 2547 555 2578 rio
584 2547 685 2589 paulo
711 2547 870 2590 majorem
892 2546 1012 2586 fuisse,
1038 2557 1149 2588 neque
1170 2546 1205 2579 id
1231 2549 1408 2590 propterea
1423 2569 1433 2586 ‚
1459 2547 1548 2588 quod
1575 2547 1678 2579 Peri-

505 2608 647 2639 zom'um
680 2608 778 2641 video
813 2608 861 2640 ita
896 2607 1076 2647 statuisse,
1115 2608 1174 2640 uhi
1212 2608 1316 2646 dicit,
1354 2613 1387 2640 et
1424 2612 1541 2640 tamen
1568 2617 1677 2650 quum

504 2671 702 2704 moreretur
717 2692 726 2709 ,
754 2669 891 2712 aliquot
915 2671 1022 2703 annia
1047 2670 1176 2702 aetatis
1201 2679 1283 2703 auae
1296 2670 1590 2712 septuaqen'mum
1601 2668 1675 2710 iam
