1872 3106
876 177 931 220 39

253 337 296 373 et
329 337 457 387 pater
479 331 563 373 isto
594 330 829 372 certamine
854 329 967 371 adeo
989 328 1207 385 perterriti
1229 327 1355 370 fuisse
1378 326 1534 370 dicun-

251 427 323 463 tur
350 419 415 477 (l)
430 451 442 471 ,
474 425 522 462 ut
547 433 681 476 quam
706 418 894 476 primum
915 431 1070 463 navem
1085 417 1452 470 conscenderent,
1469 424 1537 462 at-

250 523 339 566 que
361 523 414 551 ex
439 509 524 551 isto
545 509 650 551 loco
666 507 944 566 aufugerent,
967 508 1092 566 quod
1109 509 1221 552 illud
1237 508 1537 566 spectaculum

247 599 350 655 ipsis
382 599 485 640 mali
518 598 671 641 ominis
705 598 967 655 praesagitio
995 597 1243 642 videbatur.
1303 598 1535 643 Verumta-

244 701 345 731 men
380 687 495 730 hanc
533 688 880 745 superstitionem
908 688 1034 730 nimis
1059 701 1213 744 urgere
1236 687 1363 737 nolo,
1397 686 1534 744 siqui-

245 776 344 821 dem
380 783 535 820 notum
576 785 661 827 est,
705 777 832 820 fuisse
864 778 978 820 inter
1001 776 1227 819 Romanos
1255 790 1280 818 a
1308 776 1532 819 literarum

244 866 398 908 studiis
422 865 541 908 haud
565 866 731 908 alienos
756 866 894 917 viros,
926 866 1005 923 qui
1029 866 1163 908 fidem
1186 864 1397 908 haberent
1417 879 1533 908 som-

240 954 347 1004 niis,
390 953 597 1010 spectris,
645 954 862 998 ominibus
877 986 888 1005 ,
932 954 1144 1012 prodigiis
1179 960 1222 997 et
1259 953 1354 996 aliis
1393 953 1534 996 istius-

243 1042 364 1086 modi
388 1042 574 1085 anilibus
596 1043 781 1087 t'abellis.
841 1044 1049 1100 Exemplo
1074 1042 1201 1087 nobis
1214 1043 1268 1086 sit
1283 1041 1378 1087 Tib.
1395 1042 1533 1085 Grac-

244 1132 352 1177 chus
391 1132 487 1191 (2),
531 1134 634 1191 qui,
678 1147 814 1191 quum
855 1133 976 1176 domi
1008 1147 1112 1176 suae
1147 1147 1335 1191 angues,
1368 1147 1462 1176 mas
1490 1139 1535 1175 et

243 1224 426 1275 femina,
455 1223 712 1280 deprehensi
737 1229 896 1274 essent,
926 1225 1099 1266 certior
1109 1222 1284 1279 factus
1310 1223 1368 1265 ab
1394 1236 1534 1265 arus-

234 1314 366 1370 pice,
413 1326 542 1356 mare
573 1314 792 1363 dimisso,
836 1316 980 1354 uxore·
1021 1313 1149 1369 ejus,
1186 1310 1408 1368 feminei,
1439 1315 1537 1369 ipsi

244 1402 434 1446 celerem
458 1403 631 1446 obz‘tum
652 1405 855 1453 instare,
889 1402 957 1444 isti
985 1400 1151 1443 homini
1177 1401 1310 1443 fidem
1335 1400 1536 1443 habuisse

241 1497 623 1534 commemoratur.
687 1491 794 1533 Tum
829 1504 1010 1548 quoque
1050 1491 1190 1547 ipsum
1223 1490 1389 1548 Syllam
1415 1503 1531 1533 som-

242 1580 317 1623 nio
342 1580 576 1623 credidisse
602 1580 669 1638 §6
698 1580 955 1624 videbimus.
997 1579 1227 1624 Praeterea
1240 1587 1370 1624 notus
1382 1587 1444 1623 est
1460 1581 1534 1623 ille
1586 1576 1596 1580 ”

243 1669 383 1711 malus
405 1669 589 1723 Genius,
619 1670 696 1727 qui
722 1670 776 1712 M.
808 1669 946 1712 Bruto
971 1670 1222 1726 apparuisse
1235 1670 1294 1712 ad
1306 1668 1533 1727 Philippos

239 1757 494 1815 perhibetur
526 1758 612 1815 (3).
650 1757 847 1815 Denique
875 1770 931 1800 ne
960 1758 1088 1814 plura
1114 1758 1310 1815 exempla
1336 1758 1499 1801 addam
1517 1790 1529 1809 ,

240 1848 343 1892 satis
382 1848 436 1891 sit
470 1848 620 1906 legisse
653 1846 967 1904 superstitionis
991 1847 1166 1903 plenam
1189 1846 1530 1904 disputationem

243 1937 399 1981 Plinii
427 1939 648 1982 June‘on‘s
679 1936 744 1994 (4)
762 1968 774 1988 ,
807 1936 863 1979 de
901 1938 1126 1994 spectris,
1159 1949 1348 1992 quorum
1370 1936 1530 1980 verita-

241 2034 328 2071 tem
350 2033 543 2086 quatuor
567 2027 773 2084 exemplis
799 2026 1016 2069 affirmare
1040 2031 1241 2069 conatur.

296 2117 478 2161 Interim
503 2123 647 2160 tamen
662 2149 672 2167 ,
692 2122 739 2160 ut
753 2117 810 2159 ad
831 2117 880 2161 C.
896 2117 1044 2160 Marii
1058 2115 1372 2160 institutionem
1386 2131 1528 2161 rever-

242 2215 335 2261 tar,
381 2220 499 2266 quae
540 2213 583 2251 et
617 2198 761 2264 qualis
795 2207 870 2249 illa
910 2205 1087 2249 tandem
1114 2206 1271 2257 fuerit,
1305 2207 1438 2264 ipsius
1463 2222 1530 2252 res

279 2392 332 2435 (l)
355 2394 446 2427 mut.
473 2394 508 2426 in
531 2392 632 2425 lario
664 2400 738 2432 pag.
764 2387 842 2420 429.
866 2388 903 2419 C.

277 2453 329 2495 (2)
352 2453 423 2486 vd.
448 2454 530 2486 1⁸1.
559 2451 628 2484 Lib.
658 2451 715 2483 tv.
741 2461 772 2481 c.
797 2447 903 2486 681.
930 2449 1021 2482 mut.
1048 2448 1080 2479 in
1102 2447 1338 2482 Timor-ocho
1352 2460 1384 2492 p.
1399 2449 1478 2484 824.
1496 2453 1533 2484 C.

275 2513 329 2554 (3)
353 2513 444 2548 mut.
469 2514 503 2545 in
529 2514 571 2545 Ι.
598 2514 699 2544 Bruto
724 2520 797 2553 pag.
825 2508 923 2543 1000.
949 2509 986 2541 F.

278 2570 331 2614 (⁴)
354 2572 452 2605 Plinii
474 2572 577 2615 Epist.
606 2570 675 2603 Lib.
702 2568 779 2602 vn.
806 2568 911 2611 Epi-t.
937 2566 994 2600 27.
