1872 3106
1013 265 1070 308 86

479 414 687 457 Valerius
718 415 951 459 Maximus
985 417 1049 474 (1)
1067 435 1076 459 :

473 593 614 645 Nam,
647 600 702 637 ut
729 595 973 653 Equitium
994 596 1148 638 Firmo
1164 597 1338 640 Piceno
1357 604 1612 643 monstrum
1629 613 1704 646 ve·

409 684 564 732 niens,
584 683 786 726 relatum
791 684 900 741 jam
915 687 967 726 in
992 684 1189 742 hujusce
1204 686 1318 729 libri
1329 691 1571 745 superiore
1586 703 1705 748 par-

412 777 479 822 te,
492 777 807 828 praeteream,
826 774 967 830 qu‘us
993 775 1044 815 iu
1066 774 1383 831 amplectendo
1403 777 1465 821 Ti.
1496 777 1706 824 Graccho

405 866 572 918 patre,
606 863 794 906 evidens
826 863 1139 915 mendacium,
1174 865 1441 909 turbulento
1468 868 1608 927 vulgi
1634 883 1707 912 er-

411 964 538 1001 rore,
573 952 868 1008 amplissima
907 952 1178 995 tribunatus
1204 960 1446 1011 potestate
1478 958 1709 1001 vallatum

413 1044 505 1090 est,
528 1040 814 1097 Herophilus
835 1043 1060 1098 equarius
1083 1043 1286 1085 medicus
1305 1043 1354 1087 θ’.
1376 1044 1581 1089 Marium
1603 1060 1708 1105 sep·

410 1130 500 1170 ties
536 1128 774 1172 consulem
810 1143 947 1172 avum
972 1132 1066 1173 sibi
1089 1132 1375 1175 vindicando
1398 1134 1469 1176 ita
1495 1147 1547 1178 se
1573 1141 1707 1178 extu—

412 1218 488 1268 lit,
507 1223 560 1259 ut
573 1218 784 1261 coloniae
804 1225 1131 1262 veteranorum
1147 1204 1425 1278 complures,
1443 1230 1490 1267 et
1513 1228 1707 1268 munici-

407 1309 494 1364 pia
517 1305 790 1363 splendida,
824 1308 1117 1367 collegiaque
1133 1310 1247 1367 fere
1274 1316 1428 1356 omnia
1447 1318 1707 1370 patronum

390 1396 713 1453 adoptarent.
805 1397 1071 1454 Quinetiam
1124 1414 1225 1442 cum
1271 1401 1321 1444 0.
1366 1401 1571 1454 Caesar,
1620 1404 1704 1448 Cn.

411 1485 639 1541 Pompejo
673 1486 969 1529 adolescente
1000 1490 1050 1528 in
1079 1489 1317 1545 Hispania*
1342 1504 1590 1547 oppresso,
1620 1507 1707 1550 po-

404 1574 572 1631 pulum
609 1577 660 1616 in
689 1573 838 1615 hortis
863 1578 965 1616 suis
993 1577 1287 1629 admisisset,
1314 1583 1531 1635 proximo
1559 1584 1706 1625 inter-

412 1641 644 1705 columuio
670 1676 789 1720 pene
811 1666 928 1720 pari
951 1665 1107 1708 studio
1123 1664 1434 1724 frequentiae
1460 1670 1704 1714 salutatus

413 1757 499 1794 est.
558 1751 696 1809 Quod
725 1754 825 1795 nisi
851 1754 1040 1816 divinae
1068 1754 1290 1798 Caesaris
1317 1758 1442 1800 vires
1468 1759 1578 1802 huic
1596 1772 1707 1804 eru-

414 1842 666 1885 bescendae
697 1843 939 1900 procellae
986 1845 1303 1898 obstitissent,
1348 1848 1499 1893 simile
1532 1851 1706 1894 vulnus

412 1930 678 1989 respublica
722 1936 1004 1991 excepisset,
1049 1940 1191 1993 atque
1216 1939 1267 1978 in
1295 1937 1489 1995 Equitio
1516 1955 1704 1997 accepe-

414 2026 508 2064 rat.
573 2021 786 2064 Ceterum
806 2023 990 2066 decreto
1011 2024 1117 2081 ejus
1144 2031 1278 2069 extra
1301 2028 1499 2072 Italiam
1519 2031 1704 2089 relega-

414 2116 518 2160 tus,
547 2116 799 2167 postquam
825 2111 907 2154 ille
943 2113 1067 2155 coelo
1091 2120 1304 2171 receptus
1335 2123 1427 2168 est,
1461 2120 1512 2159 in
1548 2121 1704 2162 Urbem

414 2199 575 2254 rediit,
609 2205 655 2242 et
687 2199 933 2242 consilium
970 2201 1289 2257 interficiendi
1313 2208 1510 2248 senatus
1538 2222 1704 2265 capere

414 2290 660 2331 sustinuit.
715 2287 814 2345 Quo
839 2291 1024 2331 nomine
1035 2289 1185 2346 jussu
1204 2298 1400 2349 patrum
1431 2301 1625 2340 necatus
1651 2300 1702 2342 in

413 2391 621 2428 carcere,
651 2391 784 2419 seras
801 2380 984 2435 promti
1007 2381 1158 2422 animi
1178 2382 1245 2424 ad
1267 2397 1396 2427 omne
1421 2386 1699 2432 moliendum

412 2466 566 2507 scelus
586 2479 771 2523 poenas
793 2467 1032 2523 pependit.

454 2664 506 2708 (l)
529 2664 639 2698 Valet.
659 2666 743 2699 Max.
768 2664 839 2699 Lib.
865 2665 923 2699 lx.
950 2676 1023 2711 cap.
1051 2667 1105 2702 15.
1135 2669 1166 2702 1.
