1872 3106
1001 262 1056 304 42

430 413 584 455 Nonne
612 426 664 454 ex
689 412 754 455 his
778 414 877 456 luce
904 416 1063 457 clarius
1087 421 1149 456 est
1164 446 1175 466 ,
1207 427 1287 456 nos
1312 414 1370 456 ob
1395 415 1655 459 fluctuantes

373 502 528 545 horum
552 503 739 545 duorum
761 504 949 547 virorum
977 504 1204 561 opiniones
1214 505 1260 546 in
1273 504 1442 546 incerto
1458 509 1661 549 manere?

369 591 461 633 Illis
475 592 607 648 igitur
620 592 802 644 omissis,
830 594 976 650 potius
998 594 1043 636 in
1066 593 1292 636 consilium
1308 607 1512 636 vocemus
1531 593 1657 638 Cice-

369 696 541 724 ronem.
602 682 663 724 Ex
687 682 773 724 hoc
800 681 865 738 (1)
899 688 1044 724 autem
1068 682 1265 726 novimus
1292 682 1339 725 C.
1372 682 1566 725 Laelium
1588 695 1658 724 sa-

367 770 556 827 pientem
595 770 705 813 duas
739 770 939 813 habuisse
976 771 1112 822 filias,
1159 786 1346 829 quarum
1386 773 1522 814 altera
1550 779 1659 814 natu

366 859 510 903 minor
551 860 599 904 C.
630 860 804 910 Fannii,
839 860 975 902 altera
1004 861 1147 917 major
1174 859 1228 914 Q.
1259 860 1389 903 Mucii
1419 859 1656 903 Scaevolae

364 949 550 1007 Auguris
568 964 678 993 uxor
696 949 794 992 fuit.
855 950 951 992 Jam
970 956 1115 992 autem
1139 964 1190 992 ex
1201 948 1287 992 hoc
1301 949 1510 1006 conjugio
1525 949 1657 993 Scae-

364 1039 491 1082 volae
514 1053 614 1081 cum
643 1038 814 1089 Laelia,
848 1039 949 1081 item
980 1039 1088 1081 duas
1111 1046 1348 1096 prognatas
1369 1039 1496 1082 fuisse
1520 1040 1652 1090 filias,

363 1127 552 1172 Mucias
581 1129 741 1179 dictas,
774 1128 905 1170 refert
938 1129 1096 1172 Cicero
1127 1127 1211 1185 (2).
1242 1129 1380 1170 Unam
1395 1142 1447 1170 ex
1463 1128 1527 1170 his
1543 1128 1655 1172 dua-

364 1218 445 1260 bus
471 1217 645 1260 filiabus
673 1218 930 1260 Scaevolam
961 1224 1186 1274 parentem
1211 1216 1377 1259 dedisse
1405 1231 1582 1259 uxorem
1607 1218 1655 1261 L.

360 1307 530 1350 Licinio
557 1306 710 1350 Crasso
724 1339 734 1358 ,
770 1307 975 1349 discimus
998 1308 1100 1349 item
1115 1321 1167 1350 ex
1184 1307 1404 1351 Cicerone
1423 1307 1518 1364 (3),
1535 1309 1656 1364 apud

358 1411 490 1453 quem
522 1396 734 1439 Scaevola
761 1396 957 1439 Crassum
977 1411 1202 1453 generum
1226 1410 1348 1438 suum
1373 1398 1581 1452 appellat.

418 1487 556 1528 Porro
584 1485 759 1528 Crassus
785 1499 919 1541 quum
936 1486 1257 1527 matrimonium
1272 1486 1431 1528 iniisset
1446 1500 1546 1528 cum
1559 1487 1651 1536 Ma·

360 1575 430 1619 cie
448 1607 458 1626 ‚
492 1574 603 1617 haec
631 1574 711 1630 ipsi
736 1574 904 1630 peperit
932 1574 1040 1616 duas
1061 1574 1171 1616 filias
1195 1574 1403 1617 Licinias
1419 1606 1429 1626 ‚
1463 1590 1650 1633 quarum

358 1666 493 1708 altera
531 1663 691 1706 diserte
726 1670 910 1706 vocatur
947 1677 1057 1705 uxor
1100 1664 1315 1720 Scipionis
1344 1664 1440 1721 (4),
1475 1664 1562 1708 hoc
1587 1671 1650 1708 est

355 1755 470 1797 illius
490 1753 726 1809 Scipionis,
751 1751 879 1809 cujus
902 1766 1006 1810 evus
1033 1766 1276 1810 cognomen
1304 1753 1552 1809 Serapionis
1568 1752 1647 1797 ha-

354 1842 525 1886 buerat.
584 1842 733 1884 Altera
770 1855 874 1884 vero
913 1841 1106 1897 nupsisse
1139 1842 1188 1885 0.
1226 1842 1380 1884 Mario
1404 1842 1497 1884 filio
1525 1842 1649 1886 vide·

358 1940 442 1975 tur.
516 1932 682 1986 Quodsi
724 1931 837 1973 enim
877 1930 962 1973 hoc
999 1944 1089 1972 non
1117 1931 1178 1972 ita
1204 1931 1374 1981 fuisset,
1408 1946 1498 1974 non
1521 1931 1650 1975 video

357 2021 585 2080 quomodo
607 2021 680 2062 ille
707 2020 1124 2070 Pseudo-Marius,
1155 2021 1288 2076 quise
1303 2020 1649 2062 Man'z‘Junioris

357 2111 494 2154 filium
520 2123 608 2152 esse
635 2108 811 2151 dicebat
838 2107 925 2164 (5),
961 2108 1009 2150 L.
1041 2108 1253 2150 Licinium
1279 2108 1475 2151 Crassum
1492 2108 1643 2164 appel-

356 2203 448 2244 lare
474 2201 681 2258 potuisset
703 2214 841 2241 avum
870 2214 1004 2240 suum
1023 2197 1104 2254 (6).
1123 2198 1293 2240 Minime
1308 2198 1419 2240 enim
1435 2197 1644 2240 credibile

400 2363 453 2406 (1)
477 2365 546 2397 Cic.
574 2365 609 2396 in
630 2364 732 2395 Bruto
759 2374 833 2407 cap.
857 2363 899 2395 26
927 2364 941 2406 ς
971 2364 1045 2395 101.

398 2425 450 2466 (2)
475 2425 545 2457 Cic.
572 2425 606 2456 in
634 2422 740 2456 Bruto
759 2434 835 2467 cup.
858 2423 918 2457 58.

400 2485 452 2526 (3)
476 2485 547 2518 Cic.
572 2483 616 2517 de
640 2485 732 2517 Orat.
758 2484 830 2516 mh.
853 2484 868 2515 Ι
894 2495 968 2526 cap.
994 2485 1029 2516 9.

399 2544 451 2586 (4)
476 2546 546 2578 Cic.
575 2546 608 2576 in
635 2542 740 2576 Bruto
762 2545 787 2575 l.
811 2544 836 2577 l.

399 2604 452 2647 (5)
476 2605 543 2636 Liv.
567 2605 656 2648 Epit.
679 2605 749 2639 Lib.
771 2605 893 2644 cxvl,
917 2605 1060 2648 Appian.
1083 2605 1177 2638 Alex.
1200 2603 1283 2636 Bell.
1306 2606 1374 2638 Civ.
1399 2606 1470 2640 Lib.
1485 2605 1550 2641 111.
1568 2616 1597 2637 c.
1612 2605 1646 2636 2.

399 2664 451 2707 (6)
475 2665 541 2696 Cic.
571 2665 611 2696 ad
638 2666 741 2699 Attio.
770 2666 871 2708 Epist.
899 2664 972 2697 Lib.
999 2666 1074 2697 ΧΠ.
1101 2666 1204 2708 Epist.
1230 2665 1285 2698 49.
