1872 3106
834 240 892 283 67

223 394 324 436 liam
360 391 659 435 immolaverit.
720 390 946 432 Praeterea
979 403 1070 432 non
1095 389 1248 439 video,
1281 389 1507 446 quomodo

223 482 514 527 Plutarchus
548 480 736 524 scribere
767 479 985 536 potuerit,
1023 479 1074 523 C.
1106 479 1308 522 Marium
1337 493 1360 520 a
1392 478 1508 522 Cim-

220 574 308 615 bris
347 573 508 615 vietum
543 571 695 621 fuisse,
739 583 875 627 quum
909 583 991 612 nec
1026 568 1116 625 ipse
1152 569 1197 611 in
1222 569 1310 611 vita
1334 569 1503 620 Marii,

220 675 303 704 nec
339 661 449 703 alius
482 660 698 718 quispiam
734 659 1047 702 Historieorum
1073 659 1283 703 victoriae
1307 658 1506 702 Cimbro-

220 765 315 793 rum
345 751 607 793 mentionem
632 749 799 792 fecerit.
859 748 910 790 Et
934 748 1161 806 quomodo
1185 748 1260 790 illa
1287 748 1405 791 filiae
1425 748 1508 791 im-

221 841 402 883 molatio
440 839 643 883 convenit
676 852 776 882 cum
802 837 896 880 aliis
920 837 1061 881 verbis
1086 834 1310 880 Plutarchi
1340 838 1406 896 (1)
1431 837 1508 881 ubi

221 932 308 974 ait:
344 924 527 974 ἐνταῦθά
558 933 779 985 νιψάμενος
806 931 830 971 ὁ
867 931 1028 984 moloc
1059 927 1133 977 τοὶς
1162 932 1294 985 χεῖρας
1319 930 1387 971 καὶ
1411 930 1509 986 πρὸς

224 1024 297 1067 τὸν
324 1022 496 1079 οὐρανὸν
524 1020 755 1078 ἀνασχὼν,
786 1019 934 1076 ηὔξατο
962 1022 1047 1068 τοῖς
1072 1022 1183 1068 θεοῖς
1214 1020 1318 1062 κατὰ
1342 1022 1509 1075 ἑκατόμ-

220 1114 310 1170 βης·
353 1112 420 1154 ibi
451 1112 611 1154 lautas
649 1124 815 1152 manus
841 1109 999 1152 Marius
1023 1108 1090 1150 ad
1112 1109 1285 1151 coelum
1310 1111 1504 1161 tollens,

219 1202 329 1244 Diis
354 1203 480 1244 vovit
506 1200 850 1242 immolaturum
877 1214 928 1242 se
955 1206 1138 1242 centum
1164 1198 1334 1242 boves?

278 1288 451 1335 Certum
487 1289 665 1347 quidem
690 1296 778 1340 est,
807 1288 1034 1331 Romanos
1059 1290 1291 1346 aliquoties
1313 1287 1509 1331 homines
1534 1299 1539 1304 ·

218 1380 338 1423 vivos
374 1378 634 1421 immolasse.
693 1378 789 1420 Hoe
826 1378 940 1420 enim
978 1378 1144 1422 factum
1179 1379 1305 1421 fuisse
1329 1379 1510 1435 legimus

221 1470 271 1512 A.
311 1468 363 1512 11.
401 1468 450 1512 C.
484 1467 597 1518 527,
637 1466 725 1512 537
766 1473 808 1510 et
833 1466 937 1512 640.
998 1467 1085 1510 Sed
1110 1468 1289 1525 quinam
1316 1474 1439 1510 erant
1462 1466 1507 1510 hi

220 1557 446 1601 homines?
488 1557 623 1600 Erant
656 1533 900 1614 peregrini,
934 1557 1088 1600 Graeci
1117 1563 1160 1599 et
1187 1557 1326 1606 Galli.
1359 1558 1436 1615 qui
1462 1557 1509 1599 in

220 1646 319 1689 foro
353 1646 509 1688 boario
543 1646 627 1689 vivi
666 1646 875 1689 dicuntur
911 1646 1068 1689 defossi
1101 1659 1191 1688 esse
1231 1645 1316 1702 (2).
1376 1645 1509 1688 Prae-

223 1743 338 1778 terea
381 1735 483 1777 satis
517 1742 683 1778 certum
716 1734 821 1776 mihi
844 1749 934 1777 esse
960 1734 1156 1784 videtur,
1191 1734 1416 1777 Romanos
1438 1734 1507 1790 ip-

221 1838 291 1867 sos
314 1823 371 1866 ab
396 1823 478 1867 ista
501 1824 771 1867 immanitate
794 1823 964 1881 penitus
985 1822 1259 1865 abhorruisse
1275 1855 1285 1873 ‚
1318 1823 1510 1880 ideoque

222 1914 631 1957 Senatus-consulto
677 1914 795 1956 circa
838 1914 889 1956 A.
923 1913 973 1956 U.
1006 1912 1053 1956 C.
1094 1912 1202 1963 657,
1249 1912 1296 1954 P.
1343 1911 1511 1955 Licinio

221 2002 374 2047 Crasso
395 2010 437 2046 et
466 2003 544 2047 Cn.
577 2003 762 2045 Lentulo
776 2001 921 2053 Coss..
947 2001 1172 2045 decretum
1199 2002 1351 2051 fuisse,
1384 2015 1438 2043 ne
1463 2003 1508 2043 in

221 2100 316 2138 toto
338 2094 521 2151 imperio
537 2093 741 2136 Romano
758 2092 895 2136 hostia
912 2092 1098 2135 humana
1115 2089 1507 2149 immolaretur-(3).

276 2185 389 2227 Satis
426 2184 604 2242 quidem
639 2190 791 2227 notum
832 2190 917 2234 est,
952 2183 1136 2241 virgines
1164 2182 1357 2227 Vestales
1384 2182 1511 2224 fune-

219 2272 286 2316 bri
309 2273 470 2331 pompa
496 2281 539 2316 et
560 2275 646 2316 ritu
669 2274 727 2316 ad
742 2279 915 2332 portam
931 2272 1143 2316 Collinam
1163 2271 1330 2314 delatas
1344 2271 1389 2314 in
1403 2269 1506 2314 sub-

257 2461 308 2504 (ll
335 2463 427 2498 mut.
448 2464 484 2496 in
505 2464 606 2497 lario
632 2474 665 2506 p.
687 2461 767 2495 420.
793 2463 832 2495 C.
855 2463 895 2495 D.

260 2523 314 2567 (2)
337 2523 406 2557 nv.
442 2523 512 2558 ub.
538 2522 646 2557 nn.
674 2534 749 2566 cap.
774 2520 842 2562 57,
869 2521 960 2555 Plut.
983 2522 1017 2554 in
1043 2521 1198 2555 lucello
1223 2532 1258 2565 p.
1280 2520 1362 2555 299.
1386 2521 1426 2555 l).
1443 2542 1454 2561 ‚
1479 2521 1513 2553 in

341 2583 476 2626 Quaen.
491 2584 586 2618 Rom.
615 2595 648 2627 p.
671 2583 752 2617 2⁸3.
780 2583 815 2616 17.
842 2585 878 2614 et
901 2581 982 2615 284.
1005 2581 1042 2614 C.
1059 2605 1067 2622 ,
1083 2582 1179 2616 ome.
1202 2579 1273 2614 Lib.
1287 2579 1350 2616 IV.
1364 2589 1439 2624 cap.
1459 2581 1512 2613 13.

261 2642 314 2686 (3)
338 2643 425 2679 Ptin.
450 2643 536 2679 nint.
559 2644 633 2677 Nat.
662 2642 731 2675 Lib.
758 2639 859 2675 XXX.
885 2651 959 2685 cap.
988 2641 1019 2676 Ι.

1302 2715 1363 2755 5*
