1872 3106
985 283 1040 324 54

379 439 593 496 proelium
631 451 656 479 a
686 438 838 480 Mario
863 437 1059 480 oblatum
1086 450 1176 480 non
1200 449 1438 490 recusasse,
1471 453 1664 496 praeser-

383 529 459 572 tim
501 542 636 585 quum
674 528 950 578 somniasset,
995 541 1039 569 se
1077 516 1231 571 vidisse
1279 528 1330 571 C.
1361 529 1564 572 Marium
1590 544 1670 587 pa-

382 626 515 669 trem,
555 617 644 660 una
671 631 772 660 cum
804 615 896 659 filio
923 616 1247 673 colloquentem
1265 647 1279 672 ,
1310 623 1353 659 et
1381 616 1498 660 hunc
1524 617 1676 662 admo-

382 713 579 758 nentem,
606 720 662 749 ne
686 720 879 765 pugnam
908 706 1222 758 committeret,
1255 707 1379 764 quod
1400 707 1566 750 instans
1587 708 1678 751 dies

389 796 429 840 ei
455 810 662 853 magnum
690 797 899 840 allaturus
922 803 1029 840 esset
1056 796 1236 840 malum.
1278 796 1346 838 Ab
1361 795 1548 854 utraque
1559 802 1685 854 parte

383 885 551 928 summa
589 884 743 929 virium
781 885 1024 928 intentione
1062 886 1378 936 dimicabatur,
1424 892 1468 928 et
1496 886 1681 931 victoria

389 975 467 1018 diu
508 973 643 1016 dubia
688 974 910 1018 manebat.
981 974 1037 1017 At
1076 989 1211 1032 quum
1251 976 1428 1019 tandem
1463 976 1682 1019 sinistrum

389 1076 530 1106 cornu
556 1061 770 1106 exercitus
796 1063 978 1106 Mariani
1005 1064 1206 1116 cederet,
1240 1072 1283 1107 et
1307 1065 1503 1123 quinque
1522 1065 1683 1109 cohor-

387 1160 453 1197 tes
491 1167 590 1196 cum
618 1152 789 1195 duabus
813 1153 893 1195 alis
915 1154 1036 1210 signa
1065 1154 1333 1212 projicerent
1359 1162 1401 1198 et
1429 1156 1486 1198 ad
1513 1155 1679 1199 hostem

391 1243 732 1300 transfugerent,
761 1243 956 1300 reliquus
978 1244 1191 1286 exercitus
1221 1246 1373 1288 Marii
1393 1246 1439 1288 in
1463 1245 1612 1304 fugam
1641 1261 1686 1290 se

393 1334 635 1384 convertit,
683 1339 725 1376 et
753 1347 912 1390 magna
944 1339 1106 1390 strages
1133 1348 1158 1376 a
1187 1335 1547 1391 persequentibus
1572 1337 1686 1380 inter

394 1424 608 1481 fugientes
629 1422 747 1466 edita
773 1429 849 1466 est.
893 1422 1125 1479 Reliquiae
1140 1422 1352 1465 exercitus
1363 1424 1544 1466 Mariani
1555 1424 1686 1468 Prae-

392 1520 513 1556 neste
554 1511 870 1568 confugerunt,
917 1517 960 1553 et
1005 1524 1141 1568 quum
1180 1511 1273 1567 ipse
1299 1512 1483 1554 Marius
1507 1527 1562 1556 eo
1582 1514 1685 1558 item

393 1616 440 1645 se
482 1600 734 1644 contulisset
778 1606 912 1657 atque
940 1606 1092 1656 portas
1115 1599 1212 1656 jam
1237 1601 1407 1643 clausas
1430 1602 1683 1654 invenisset,

395 1688 520 1748 quod
547 1688 814 1730 Praenestini
843 1688 1101 1738 timuerant,
1132 1703 1189 1731 ne
1211 1703 1310 1731 cum
1333 1690 1535 1733 Marianis
1549 1693 1688 1750 copiis

392 1779 519 1822 simul
558 1777 690 1820 etiam
725 1776 890 1834 Syllani
914 1776 1071 1820 milites
1097 1777 1257 1820 Urbem
1282 1779 1562 1832 invaderent,
1595 1782 1688 1839 ipse

1054 1834 1084 1857 Q

392 1869 440 1911 in
474 1867 714 1925 oppidum,
759 1865 864 1908 fune
904 1879 928 1908 e
968 1865 1195 1910 moenibus
1233 1867 1444 1920 demisso,
1489 1877 1690 1928 receptus

397 1964 463 2001 est
496 1955 581 2014 (l).

454 2045 664 2090 Nonnulli
706 2045 887 2102 quidem
911 2045 1154 2102 Scriptores
1177 2047 1472 2099 tradiderunt,
1506 2049 1557 2093 0.
1587 2050 1691 2093 Ma-

400 2140 523 2180 rium
544 2134 714 2192 praelio
735 2147 827 2176 non
846 2133 1110 2184 interfuisse,
1143 2135 1220 2177 sed
1239 2149 1374 2192 quum
1392 2136 1559 2192 signum
1578 2151 1692 2195 pug-

399 2239 484 2268 nae
529 2224 681 2267 datum
722 2228 854 2272 esset,
899 2222 1053 2278 vigiliis
1091 2222 1403 2281 laboribusque
1439 2225 1690 2270 confectum

402 2315 636 2371 quievisse,
668 2318 802 2370 atque
824 2312 920 2362 ¹vix,
953 2312 1145 2354 exercitu
1165 2312 1261 2369 jam
1288 2313 1504 2370 fugiente,
1534 2329 1587 2358 ex
1600 2317 1690 2360 alto

405 2416 558 2445 somno
602 2401 783 2446 excitari
817 2401 1028 2458 potuisse:
1075 2415 1221 2445 verum
1257 2401 1343 2445 hoc
1375 2402 1481 2446 mihi
1516 2405 1691 2448 minime

442 2617 495 2661 (1)
519 2617 588 2650 Liv.
609 2617 698 2659 Epit.
723 2617 794 2648 Lib.
816 2613 1006 2649 LXXXVII.
1022 2639 1031 2657 ‚
1055 2617 1146 2651 Plut.
1169 2619 1202 2649 iu
1223 2618 1310 2659 Sylla
1331 2630 1365 2661 p.
1389 2618 1456 2652 470
1472 2617 1532 2659 B..
1555 2620 1695 2664 Appiam.

526 2677 620 2710 Alex.
644 2676 726 2710 Bell.
754 2677 825 2711 Civ.
851 2676 922 2711 Lib.
945 2678 973 2708 1.
1001 2688 1032 2711 n.
1058 2676 1142 2717 87.‚
1167 2678 1254 2714 Flor.
1280 2677 1354 2713 Lib.
1379 2680 1431 2712 111
1455 2691 1531 2724 cap.
1554 2681 1610 2714 21.
