1872 3106
987 221 1067 262 104

390 371 711 412 Narbonensem
736 378 892 415 temere
914 373 1210 430 ingrederetur
1231 379 1455 419 monendo
1476 382 1667 421 terruit:

385 459 527 500 simul
559 465 812 502 ceterorum
840 461 968 517 fia'es
1005 469 1126 505 metu
1163 462 1390 519 infracta.
1459 465 1668 524 Namque

390 547 711 604 circumjectas
732 552 966 601 civitates,
990 551 1282 594 Procurator
1300 554 1506 615 Valerius
1526 555 1676 598 Paul-

387 635 536 686 lc'nus,
565 642 786 680 strenuus
814 639 1033 693 militiae,
1057 647 1103 682 et
1135 641 1414 698 Vespasiano
1440 648 1550 685 ante
1562 641 1678 700 for·
1723 659 1728 665 ’

388 729 550 766 tunam
575 727 774 776 amicus,
799 729 849 767 in
873 728 1013 769 verba
1038 728 1143 784 ejus
1170 730 1412 786 adegerat.
1448 731 1678 774 Conciti-s-

389 827 478 870 que
535 814 766 865 omnibus,
819 818 905 872 qui
950 820 1247 859 exauctorati
1285 834 1315 861 a
1365 819 1541 862 Vitellio
1582 820 1675 863 bel·
1705 877 1708 880 Δ

339 894 352 906 ”
389 901 482 942 lum
521 907 686 958 sponte
717 903 984 955 sumebant,
1018 905 1384 961 Foroiuliensem
1416 907 1670 960 coloniam,

389 990 603 1031 claustra
639 994 782 1032 maris
818 993 1059 1048 praesidio
1101 995 1345 1037 tuebatur:
1390 1011 1441 1038 eo
1479 999 1679 1054 gravior

387 1083 571 1128 auctor,
615 1081 742 1135 quod
778 1080 1004 1123 Paullino
1037 1084 1205 1138 patria
1242 1083 1408 1126 Forum
1443 1085 1589 1137 Julii,
1631 1091 1676 1127 et

387 1166 533 1208 honos
561 1169 692 1224 apud
709 1171 1069 1225 praetorianos,
1102 1185 1296 1226 quorum
1326 1174 1558 1229 quondam
1587 1176 1673 1215 tri-

387 1257 536 1298 bunus
562 1255 750 1312 fuerat.
811 1259 1008 1315 Ipsique
1039 1262 1246 1317 pagani,
1274 1259 1453 1316 favore
1481 1266 1673 1306 munici-

379 1346 505 1402 pali,
540 1351 585 1388 et
596 1345 803 1402 futurae
826 1350 1068 1403 potentiae
1095 1363 1176 1404 spe
1192 1349 1370 1405 juvare
1389 1357 1557 1407 partes
1587 1367 1673 1394 an-

388 1434 672 1477 nitebantur.
708 1435 836 1491 Quae
861 1437 943 1477 ubi
955 1442 1134 1492 paratu
1147 1437 1315 1493 firma,
1351 1444 1395 1480 et
1423 1445 1564 1482 aucta
1592 1454 1672 1482 ru-

388 1537 534 1575 more,
578 1524 709 1580 apud
733 1525 890 1565 varios
932 1523 1279 1567 Vitellianorum
1316 1528 1495 1568 animos
1523 1532 1670 1571 ancre-

388 1612 552 1665 buere;
570 1611 741 1653 Fabius
764 1611 928 1654 Valens
945 1626 1045 1654 cum
1061 1618 1268 1668 quatuor
1280 1616 1675 1671 speculatoribus,

390 1706 434 1742 et
461 1700 611 1742 tribus
636 1702 822 1750 amicis,
857 1701 1044 1742 totidem
1071 1703 1418 1745 centurionibus
1442 1705 1508 1746 ad
1531 1721 1675 1750 naves

391 1790 685 1846 regreditur:
725 1789 922 1843 Maturo,
961 1793 1216 1848 ceterisque
1253 1805 1511 1844 remanere,
1551 1801 1596 1837 et
1623 1799 1673 1838 in

391 1879 530 1920 verba
567 1878 844 1934 Vespasiani
869 1879 1006 1937 adigi
1030 1880 1289 1922 volentibus
1307 1880 1429 1946 fuit.

991 2033 1060 2073 21.

783 2185 796 2195 “
812 2177 995 2218 Marius
1028 2179 1223 2219 Priscus
1239 2210 1248 2228 ,

390 2337 441 2364 ex
476 2323 655 2366 Baetica
683 2323 909 2379 Hispanus.
969 2323 1094 2365 Hunc
1117 2337 1169 2366 ex
1195 2325 1349 2367 Plinii
1373 2326 1571 2382 Epistolis
1599 2329 1662 2387 (1)

389 2412 600 2455 novimus.
661 2412 824 2454 Eodem
845 2411 922 2452 ino
946 2425 1086 2462 annu,
1114 2427 1203 2468 quo
1230 2412 1388 2456 Plinius
1416 2417 1565 2459 consul
1589 2418 1667 2460 de-

427 2599 477 2643 (1)
502 2601 600 2634 minii
627 2603 716 2645 πρίει
759 2602 829 2636 Lib.
855 2602 902 2636 11.
928 2601 1029 2646 Epist.
1052 2604 1111 2638 as.
