1872 3106
882 195 942 238 23

317 348 564 405 Scriptores
606 346 801 398 Graeci,
845 360 870 389 a
910 345 1071 405 quibus
1113 346 1165 391 C.
1212 344 1456 390 Mara'ifilii
1485 358 1552 388 res

260 443 546 487 enarrantur.
578 436 623 480 hi
650 443 763 482 sunt.

319 526 635 578 Plutarchus,
664 528 742 584 qui
762 526 818 570 de
838 526 993 570 Mario
1017 526 1108 585 agit
1129 526 1176 571 in
1200 525 1297 570 vitis
1326 524 1378 570 C.
1405 525 1556 568 Marii

262 615 398 672 patris
422 622 465 658 et
494 615 542 659 L.
572 615 760 659 Cornelii
788 615 947 673 Syllae.

313 705 564 763 Appianas
604 703 984 756 Alexandrinus,
1033 705 1111 763 qui
1149 704 1207 748 de
1243 718 1299 748 eo
1334 703 1466 747 refert
1505 703 1550 746 in

259 793 448 838 Historia
473 794 582 837 Belli
610 794 760 839 civilis.
788 793 921 838 Libro
947 794 985 840 1.

314 883 411 926 Jam
458 889 628 936 autem,
673 883 748 926 ubi
785 883 977 927 animum
1016 883 1248 942 diligenter
1286 882 1551 927 advertimus

258 972 317 1015 ad
354 986 431 1023 ea,
462 986 574 1029 quae
612 973 657 1016 in
686 974 911 1031 utriusque
935 973 1144 1016 sermonis
1176 972 1462 1030 scriptoribus
1486 972 1550 1015 le-

255 1068 437 1119 guntur,
481 1063 528 1106 in
565 1062 630 1106 his
669 1064 752 1107 tria
793 1062 898 1106 mihi
943 1077 1033 1106 esse
1085 1061 1341 1106 annotanda
1395 1061 1549 1106 viden-

253 1157 338 1195 tur.
398 1151 470 1194 Ad
508 1153 696 1209 primum
735 1167 871 1209 genus
905 1153 1125 1209 pertinent
1155 1166 1233 1202 ea,
1266 1165 1383 1209 quae
1408 1165 1434 1194 a
1463 1150 1552 1194 sin·

252 1240 364 1296 gulis
396 1240 643 1298 singulatim
675 1241 940 1294 referuntur,
972 1255 1252 1300 quorumque
1275 1241 1398 1284 nulla
1428 1240 1552 1297 apud

251 1328 446 1386 reliquos
476 1330 687 1372 memoria
712 1335 866 1374 exstat.
918 1329 1106 1373 Alterius
1132 1329 1300 1387 generis
1326 1330 1403 1377 illa
1428 1335 1551 1381 sunt,

247 1418 294 1462 in
316 1417 476 1476 quibus
506 1419 620 1461 inter
646 1432 691 1462 se
713 1419 1006 1463 consentiunt.
1061 1417 1114 1460 Et
1141 1417 1197 1459 ad
1223 1417 1398 1460 tertium
1425 1417 1551 1460 deni-

247 1521 334 1565 que
370 1521 506 1565 genus
541 1508 683 1552 resero
723 1522 802 1559 ea,
848 1508 905 1551 de
938 1506 1099 1566 quibus
1134 1507 1248 1550 inter
1282 1519 1327 1549 se
1361 1506 1548 1550 invicem

249 1597 519 1641 dissentiunt.

308 1686 440 1740 Quod
483 1687 542 1729 ad
581 1686 671 1730 duo
703 1686 854 1744 priora
880 1700 1037 1745 genera
1066 1693 1262 1743 spectat,
1295 1686 1351 1729 de
1379 1686 1431 1729 iis
1457 1700 1548 1728 non

248 1775 415 1827 habeo,
442 1789 558 1833 quae
579 1775 741 1818 dicam.
802 1775 912 1818 Sunt
939 1775 1053 1817 enim
1083 1774 1192 1817 haec
1219 1774 1461 1832 ejusmodi,
1496 1782 1544 1817 ut

245 1865 315 1908 vix
330 1864 523 1908 dubitari
546 1870 703 1922 queat,
729 1865 839 1922 quin
860 1877 962 1908 vera
984 1863 1083 1907 sint.
1113 1863 1170 1907 At
1190 1873 1294 1908 vero
1312 1862 1388 1906 ubi
1402 1866 1544 1922 scrip-

245 1962 361 1998 tores
402 1954 685 2008 dissentiunt,
730 1954 843 1996 ratio
887 1953 1107 2010 postulat,
1154 1958 1202 1995 ut
1241 1953 1539 2010 inquiramus,

243 2044 370 2102 cujus
405 2043 618 2088 sententia
660 2043 839 2101 reliquis
878 2041 1153 2100 probabilior
1188 2041 1401 2086 videatur.
1460 2044 1542 2087 nie

242 2140 388 2177 autem
418 2134 630 2178 dissensus
654 2132 792 2177 tribus
814 2134 861 2177 in
886 2133 996 2176 locis
1018 2131 1256 2189 praecipue
1280 2139 1480 2189 apparet.

298 2222 490 2267 Primum
517 2238 608 2268 non
641 2238 791 2269 omnes
818 2237 949 2267 unam
977 2222 1252 2281 eandemque
1278 2223 1536 2266 sententiam

242 2313 565 2371 amplectuntur
589 2314 646 2358 de
665 2314 716 2359 0.
733 2313 1073 2371 Man'n‘origine.
1109 2312 1194 2355 Alii
1205 2326 1304 2355 eum
1322 2312 1372 2356 0.
1392 2312 1543 2356 Mam·

242 2402 376 2458 patris
398 2403 535 2446 filium
555 2404 822 2447 naturalem
848 2403 976 2447 fuisse
1003 2403 1242 2452 affirmant,
1277 2401 1350 2444 alii
1377 2409 1532 2445 contra

240 2505 290 2533 ea
332 2493 627 2544 contendunt.
673 2494 812 2550 ipsum
851 2508 941 2537 non
979 2495 1059 2537 nisi
1089 2494 1226 2536 filium
1262 2494 1532 2551 adoptivum

242 2581 381 2625 fuisse.
