1872 3106
986 265 1042 306 60

367 417 638 474 gravissimae
686 422 846 467 essent,
893 416 1053 473 quibus
1101 415 1295 474 undiquc
1343 418 1641 473 premebatur,

369 506 559 548 animum
596 511 742 548 tamen
775 518 865 548 non
901 505 1161 562 despondit,
1195 506 1283 548 imo
1314 507 1459 563 potius
1483 520 1646 552 summo

367 596 512 639 studio
538 609 717 653 operam
743 595 883 647 dedit,
916 601 964 638 ut
990 594 1208 639 obsessum
1235 596 1439 639 Marium
1465 596 1649 655 adjuva-

366 692 447 728 ret.
515 685 826 742 Damasippum
863 684 1030 727 scilicet
1070 698 1170 728 cum
1205 684 1375 728 duabus
1407 685 1650 744 legionibus

361 775 590 817 Praeneste
630 774 751 817 adire
782 773 937 832 jubet,
983 779 1032 816 ut
1069 775 1223 817 Mario
1262 774 1470 818 auxilium
1502 775 1650 821 ferret.

363 863 451 906 Sed
480 862 566 907 hoc
595 863 867 920 propositum
894 863 1062 906 irritum
1091 863 1284 907 faciebat
1311 864 1450 922 Sylla,
1482 865 1648 922 quippe

365 954 442 1010 qui
482 959 778 1010 occupaverat
817 953 1058 1010 angustias,
1100 967 1180 1010 per
1217 967 1328 1010 quas
1364 954 1650 1011 Damasippus

363 1056 465 1085 cum
491 1041 630 1098 copiis
656 1041 742 1083 suis
766 1047 995 1098 penetrare
1021 1041 1235 1093 debebat,
1252 1042 1580 1101 efficiebatque,
1599 1049 1647 1085 ut

360 1131 495 1175 hostis
519 1145 572 1174 eo
587 1163 597 1182 ,
624 1145 716 1189 quo
739 1132 892 1183 vellet,
925 1133 1148 1189 pervenire
1170 1146 1261 1175 non
1283 1139 1426 1189 posset
1451 1133 1534 1191 (1).

417 1220 585 1264 Deinde
616 1227 720 1265 vero
750 1236 886 1279 quum
915 1221 975 1265 ad
1001 1221 1079 1265 has
1107 1222 1378 1265 calamitates
1405 1236 1545 1267 novae
1571 1237 1646 1267 ac-

361 1311 589 1363 cederent,
629 1318 673 1354 et
715 1310 882 1369 Syllani
916 1310 1050 1354 duces
1081 1309 1157 1354 hie
1183 1317 1227 1353 et
1251 1310 1341 1353 illic
1376 1309 1645 1354 hostessuos

357 1402 680 1460 profligassent,
714 1400 875 1443 dicitur
899 1400 1077 1442 tandem
1100 1399 1245 1443 Carbo
1269 1400 1331 1442 ita
1356 1400 1502 1442 animo
1527 1399 1645 1443 frac-

360 1498 429 1533 tus
455 1490 608 1541 fuisse,
639 1494 688 1531 ut
719 1489 775 1531 de
801 1488 1028 1531 retinenda
1058 1488 1187 1531 Italia
1217 1488 1490 1545 desperaret,
1521 1502 1643 1532 exer·

360 1581 495 1623 citum
520 1579 754 1629 desereret,
783 1577 919 1634 inque
945 1576 1139 1619 Africam
1170 1590 1269 1618 cum
1299 1577 1450 1619 amicis
1464 1577 1645 1634 quibus-

358 1670 460 1713 dam
495 1668 745 1725 aufugeret,
786 1667 889 1710 licet
915 1666 1067 1716 etiam,
1099 1671 1272 1722 praeter
1293 1665 1397 1708 istas
1424 1666 1533 1709 duas
1555 1667 1644 1710 Da-

355 1758 542 1815 masippi
585 1757 803 1814 legiones,
845 1755 942 1811 ipsi>
972 1754 1149 1811 triginta
1199 1754 1335 1796 millia
1373 1755 1559 1798 militum
1600 1762 1644 1800 et

356 1851 552 1907 ingentes
573 1847 816 1890 Samnitum
843 1844 1000 1901 copiae
1026 1850 1295 1901 superessent
1324 1843 1406 1901 (2).
1579 1820 1583 1824 Ι

413 1939 482 1982 Ob
517 1938 635 1980 hanc
673 1949 777 1980 vero
814 1933 1010 1978 Norbani
1047 1939 1229 1976 mortem
1260 1939 1303 1975 et
1332 1939 1503 1989 turpem
1536 1933 1643 1979 Car.

357 2030 485 2073 bonis
518 2028 667 2085 fugam
699 2038 792 2068 non
823 2031 886 2067 est
912 2023 1037 2081 quod
1070 2022 1296 2072 miremur,
1328 2035 1409 2065 cur
1432 2023 1645 2067 exercitus

360 2117 600 2163 consularis
638 2115 698 2158 ad
738 2114 929 2158 Clusium
970 2113 1060 2155 sine
1105 2111 1219 2154 duce
1261 2111 1461 2162 relictus,
1505 2125 1642 2169 quum

355 2210 506 2267 viginti
542 2207 632 2250 fere
669 2204 804 2248 millia
830 2202 1016 2245 militum
1041 2215 1065 2243 a
1093 2199 1278 2258 Syllanis
1302 2199 1445 2242 deleta
1474 2206 1638 2251 essent,

354 2299 528 2356 penitus
566 2294 798 2352 dissolutus
823 2291 898 2342 sit,
924 2297 967 2334 et
989 2289 1235 2346 superstites
1260 2289 1415 2332 milites
1442 2289 1501 2333 ad
1527 2290 1639 2333 lares

359 2388 525 2445 quique
550 2399 649 2428 suos
671 2382 891 2427 redierint.

393 2549 448 2592 (l)
472 2548 613 2591 Appian.
637 2546 733 2580 Alex.
757 2545 843 2579 Bell.
866 2544 938 2577 Civ.
962 2542 1035 2577 Lib.
1061 2543 1090 2575 1.
1114 2552 1149 2577 o.
1171 2542 1229 2576 92.

394 2607 446 2651 (2)
469 2607 539 2657 Liv.
563 2607 653 2651 Epit.
677 2606 750 2639 Lib.
773 2601 983 2638 LXXXVIII.
998 2626 1010 2644 ,
1035 2602 1127 2636 Plut.
1154 2602 1189 2633 in
1213 2600 1300 2643 Sylla
1323 2611 1356 2644 p.
1383 2599 1461 2636 470.
1486 2602 1547 2643 C.,
1574 2602 1642 2646 Ap-

478 2669 566 2711 pian.
594 2667 689 2702 Alex.
717 2664 804 2700 Bell.
828 2665 897 2698 Civ.
921 2663 993 2698 Lib.
1020 2664 1049 2697 1.
1075 2673 1148 2707 cap.
1173 2661 1230 2696 92.
