1872 3106
841 215 896 257 29

223 362 346 414 dam,
362 362 500 420 ipsum
517 365 635 421 prius
643 365 737 423 Jam
754 365 922 408 duxisse
935 365 967 408 J
972 364 1115 407 uliam
1131 374 1327 412 uxorem,
1345 359 1512 402 faciunt

220 464 269 493 ea
282 484 293 504 ‚
319 466 435 509 quae
464 453 520 496 de
546 455 718 497 ratione
736 455 956 505 novimus,
979 453 1054 511 (ne
1068 452 1178 510 quid
1194 452 1250 494 de
1266 449 1432 507 duplici
1446 462 1517 492 re·

220 541 344 598 pulsa
373 542 539 592 dicam,
566 557 699 600 quam
726 544 844 595 tulit,
874 557 1009 601 quum
1038 543 1224 600 primum
1252 540 1518 584 aedilitatem

221 631 416 673 curulem
430 638 471 674 et
482 632 641 675 deinde
655 633 920 675 aedilitatem
930 632 1069 690 plebis
1081 632 1234 675 eodem
1247 631 1319 674 die
1329 629 1515 688 peteret)

224 722 315 778 qua
342 728 592 778 praeturam
617 722 826 774 obtinuit,
854 730 897 766 et
922 737 1038 781 quae
1055 723 1235 780 legimus
1259 721 1379 779 apud
1395 721 1520 764 Cice·

222 824 374 853 ronem
393 811 476 867 (l):
505 810 554 855 C.
582 811 767 854 Mamm
792 827 894 855 cum
922 829 951 855 a
977 829 1059 871 epe
1083 814 1358 857 cumulatas
1381 812 1522 869 longe

221 900 425 950 abesset,
458 905 503 941 et
518 900 628 955 jam
651 903 896 958 septimum
921 916 1096 944 annum
1116 907 1229 959 post
1243 881 1521 958 praeturam

213 972 383 1047 J’aoeret
394 1020 409 1044 ,
426 1005 574 1048 neque
586 993 828 1049 petiturus
844 1006 1061 1049 umquam
1076 990 1372 1034 consulatum
1394 991 1521 1033 vide-

222 1085 380 1122 retur.-
399 1078 642 1135 —factus
658 1086 729 1122 eet
746 1079 940 1123 Consul.
972 1080 1082 1123 Nam
1103 1082 1317 1139 quamdiu
1338 1082 1523 1124 Marius

215 1170 410 1227 jacebat
423 1169 451 1212 i.
462 1183 500 1212 e.
514 1168 832 1226 negligebatur,
846 1169 1028 1226 ejusque
1040 1170 1160 1212 nulla
1174 1183 1440 1227 magnopere
1454 1184 1524 1213 ra·

227 1260 289 1303 tio
302 1259 561 1311 habebatur,
573 1272 664 1301 non
677 1258 841 1301 censeri
854 1264 997 1315 potest
1009 1258 1149 1315 plebis
1161 1259 1302 1316 gratia
1313 1260 1523 1303 floruisse.

279 1441 440 1496 Quales
463 1454 566 1484 vero
594 1445 719 1483 erant
743 1437 789 1481 hi
805 1438 956 1481 Marii
973 1438 1209 1495 parentes?
1237 1438 1375 1481 Mater
1388 1440 1524 1483 Julia

224 1538 318 1573 erat
359 1537 560 1594 matrona
598 1528 887 1579 nobilissima,
935 1540 1069 1584 quam
1109 1526 1157 1571 C.
1198 1527 1336 1570 Julius
1369 1528 1527 1572 Caesar

235 1619 490 1662 defunctam
528 1619 757 1662 laudavit.
811 1617 957 1674 Atque
980 1616 1027 1659 in
1051 1599 1126 1660 illa
1150 1617 1431 1670 laudatione,
1465 1620 1528 1662 uti

228 1708 358 1752 refert
396 1709 649 1751 Suetonius
677 1707 768 1764 (2),
796 1706 851 1749 de
872 1705 966 1763 ejus
994 1719 1048 1748 ac
1086 1706 1223 1761 patris
1246 1707 1310 1748 sui
1335 1707 1523 1765 utraque

231 1799 399 1856 origine
422 1797 484 1839 aic
509 1796 665 1839 refert:
706 1794 887 1838 Amitae
915 1810 1042 1838 meae
1073 1795 1235 1839 Juliae
1267 1801 1526 1841 maternum

229 1903 386 1947 genus
413 1886 472 1930 ab
498 1886 686 1944 regibus
712 1890 889 1934 ortum,
918 1889 1170 1942 paternum
1196 1900 1297 1927 cum
1316 1886 1429 1928 Diis
1448 1890 1533 1930 im·

229 1973 503 2021 mortalibus
537 1975 837 2031 conjunctum
864 1978 949 2016 est.
1011 1973 1132 2016 Nam
1158 1974 1216 2017 ab
1243 1973 1371 2018 Anco
1399 1977 1530 2019 Mar·

233 2070 302 2110 oio
330 2071 444 2108 sunt
473 2065 650 2107 Marcii
671 2062 851 2121 Reges,
885 2077 977 2121 quo
1009 2066 1192 2106 nomine
1213 2063 1322 2120 fuit
1349 2071 1526 2109 mater:

233 2173 263 2201 a
295 2157 460 2200 Venere
486 2154 633 2204 Julii,
667 2152 807 2211 cujus
841 2153 1002 2210 gentis
1019 2151 1219 2209 familia
1249 2159 1320 2196 est
1346 2161 1527 2199 nostra.

234 2246 326 2290 Est
355 2260 467 2303 ergo
502 2245 751 2303 in'genere
781 2247 826 2285 et
852 2244 1086 2286 sanemus
1111 2258 1293 2300 regum,
1324 2245 1531 2302 quiplu-

233 2337 397 2378 rimam
424 2337 549 2377 inter
574 2333 780 2376 homines
812 2331 1022 2389 pollent,
1059 2338 1103 2374 et
1130 2334 1381 2376 cerimonia
1406 2333 1529 2377 Deo-

239 2438 365 2474 rum,
397 2438 594 2482 quorum
620 2425 719 2479 ψει·
739 2424 790 2464 in
811 2427 1048 2479 potestate
1074 2429 1187 2466 sunt
1216 2437 1367 2482 reges.

280 2559 333 2602 (Ι)
356 2558 472 2592 Cioero
497 2558 538 2592 de
561 2558 657 2592 Offic.
684 2558 756 2591 Lib.
782 2557 834 2589 111
857 2559 936 2603 Cap.
962 2559 1018 2592 20.

279 2613 331 2658 (2)
357 2614 495 2650 sueton.
526 2615 559 2647 in
582 2615 720 2648 enecare
745 2613 824 2656 Cap.
849 2612 884 2646 8.
