1872 3106
851 228 905 269 :37

232 381 362 424 modo
399 393 647 437 curasque,
693 381 778 422 sed
802 383 1095 423 remissiones
1123 386 1261 426 etiam
1288 384 1513 442 lususque

220 483 498 528 puerorum,
522 470 775 512 sanctitate
793 469 997 527 quadam
1018 485 1075 514 ac
1098 472 1377 515 verecundia·
1403 477 1514 516 tem-

228 558 442 616 perabat.
501 557 579 601 Sic
605 557 868 601 Corneliam
903 558 1241 613 Gracchorum,
1274 564 1344 606 sic
1368 561 1517 606 Aure·-

229 648 341 691 liam
369 647 610 698 Caesaris,
636 649 706 690 sic
730 646 906 690 Attium
930 647 1138 706 Auqusti
1161 656 1354 695 matrem
1374 666 1518 709 prae-

218 736 385 794 fuisse
411 736 780 787 educationibus,
813 751 871 780 ac
890 738 1179 794 produxisse
1194 741 1436 799 principes
1461 742 1519 784 li-

229 828 362 872 beros
402 828 676 884 accepimus.
740 825 869 884 Quae
909 827 1160 884 disciplina
1204 843 1260 871 ac
1290 833 1520 876 severitas

232 932 284 960 eo
316 915 608 974 pertinebat,
653 919 706 956 ut
744 917 930 958 sincera
966 920 1011 958 et
1052 918 1244 974 integra
1285 923 1330 960 et
1368 919 1517 963 nullis

222 1004 542 1063 pravitatibus
568 1004 754 1046 detorta
777 1004 1151 1062 uniuscujusque
1185 1011 1387 1058 natura,
1419 1014 1517 1052 toto

230 1096 389 1138 statim
402 1098 591 1151 pectore
613 1095 846 1150 arriperet
868 1098 997 1135 artes
1014 1092 1236 1138 honestas
1248 1111 1264 1137 .·
1283 1102 1329 1139 et
1341 1098 1440 1141 sive
1455 1101 1523 1142 ad

230 1199 322 1228 ren
346 1183 587 1226 militarem
605 1213 616 1232 ,
650 1184 747 1224 sive
782 1182 848 1224 ad
859 1182 995 1239 jun's
1031 1185 1299 1236 scientiam,
1333 1189 1432 1230 sive
1457 1189 1525 1230 ad

230 1274 523 1331 eloquentiae
562 1271 768 1313 studium
801 1271 1107 1323 inclinasset,
1149 1274 1203 1314 id
1228 1274 1379 1317 solum
1406 1290 1519 1332 age-

226 1366 322 1414 ret,
364 1362 418 1403 id
450 1361 718 1402 universum
759 1359 987 1403 hauriret.
1046 1359 1204 1417 Itaque
1243 1362 1434 1406 arbitror
1464 1364 1515 1408 C.

226 1451 429 1495 Marium
443 1449 631 1506 primum
647 1447 797 1490 sedula
815 1448 965 1490 matris
984 1449 1090 1491 cura
1110 1449 1345 1492 educatum
1361 1451 1490 1495 ruisse
1504 1483 1516 1503 ,

228 1546 271 1583 et
296 1538 455 1582 deiude
486 1538 531 1580 in
553 1535 726 1580 scholas
750 1537 876 1581 ivisse
900 1537 959 1579 ad
989 1536 1305 1582 Grammaticos
1329 1545 1371 1582 et
1395 1539 1516 1583 Rhe-

227 1636 356 1672 tores.
414 1627 524 1670 Nam
561 1632 728 1682 patrem
755 1625 850 1683 ejus
875 1639 968 1670 non
994 1633 1192 1670 secutum
1215 1627 1344 1683 fuisse
1370 1643 1515 1673 exem·

222 1720 347 1778 plum
371 1716 626 1760 Hamilcaris
654 1714 745 1772 (1),
778 1714 854 1772 qui
884 1715 1021 1758 filium
1050 1729 1174 1758 suum
1197 1717 1509 1771 Hannibalem,

224 1822 318 1853 non
351 1805 535 1863 amplius
573 1816 729 1847 novem
755 1815 893 1846 annos
916 1809 1092 1854 natum,
1125 1818 1271 1847 secum
1296 1806 1341 1849 in
1367 1814 1510 1851 eastra

224 1897 418 1943 sumsisse
440 1891 715 1952 perhibetur,
749 1906 800 1934 ex
823 1904 878 1934 eo
902 1892 1086 1949 colligo,
1106 1893 1250 1951 quod,
1270 1900 1377 1938 teste
1392 1897 1511 1940 Plu-

226 1986 388 2032 tarcho
405 1983 469 2042 (2)
504 1988 706 2027 causatus
729 1994 819 2024 esse
845 1980 1020 2032 dicitur,
1053 1995 1189 2039 quum
1218 1981 1319 2025 belli
1343 1983 1510 2028 Mithri-

224 2076 359 2121 datici
395 2072 623 2131 imperium
662 2070 807 2128 Syllae
832 2070 1024 2113 adimere
1051 2071 1205 2122 vellet,
1238 2085 1283 2114 se
1305 2074 1509 2117 nimirum

225 2181 321 2212 eam
344 2165 403 2208 ob
429 2175 605 2207 eausam
630 2157 743 2202 illius
765 2158 868 2210 belli
888 2159 1065 2218 gerendi
1088 2160 1507 2207 administrationem

223 2255 464 2313 suscipere,
509 2257 563 2294 ut
599 2251 793 2309 ipsemet
824 2263 1056 2307 praesens
1078 2248 1231 2303 filium
1259 2259 1507 2298 exerceret.

229 2345 395 2403 Quibus
418 2341 546 2387 dictis
569 2339 745 2384 abunde
769 2339 1028 2390 declaravit,
1049 2354 1093 2383 se
1107 2341 1259 2385 militia
1278 2344 1508 2388 tractanda

263 2560 316 2601 (l)
341 2559 447 2602 Nepos
466 2559 498 2591 in
523 2559 589 2591 vita
611 2557 751 2590 manib.
779 2556 857 2599 Cap.
881 2556 915 2591 2.

263 2621 316 2659 (2)
341 2619 430 2653 mut.
458 2620 488 2651 in
516 2619 615 2652 lario
643 2630 676 2661 p.
703 2617 779 2649 42⁵.
806 2613 846 2648 B.
