1872 3106
1009 259 1066 301 98

404 415 558 471 pridie
584 426 723 469 quam
750 414 1011 469 expiraret,
1053 411 1172 451 idem
1196 409 1329 450 istud
1357 410 1454 464 ipsi
1479 407 1693 465 Augusto

411 505 554 545 dixit:
588 516 689 544 oum
713 503 896 543 interim
921 514 979 542 ne
1005 513 1168 541 nomen
1192 499 1375 556 quidem
1398 485 1504 555 ejus
1528 497 1698 541 tabulis

415 593 687 634 testamenti
717 589 961 646 adjecerit.
1021 589 1180 633 Verum
1209 587 1308 643 quis
1334 587 1412 629 iste
1441 586 1568 629 Titus
1596 586 1700 631 Ma·

414 682 516 722 rius
551 679 704 729 fuerit,
744 679 999 734 interpretes
1027 677 1244 734 ignorant.
1307 675 1463 719 Cicero
1492 675 1694 732 quidem,

409 774 458 810 ut
483 767 666 811 vidimus
687 781 842 823 supra,
869 766 1015 809 Titum
1036 766 1239 809 Marium
1259 765 1492 822 quemdam
1508 777 1700 807 comme-

414 863 577 906 morat,
617 856 693 899 sed
719 857 908 898 rationes
932 855 1271 912 chronologicae
1298 854 1497 905 obstant,
1526 853 1701 910 quomi-

414 960 496 988 nus
515 945 586 988 hic
610 946 797 988 Marius
821 945 936 987 idem
959 943 1186 986 habendus
1204 944 1279 996 sit,
1304 951 1438 999 atque
1460 943 1539 984 iste
1558 941 1703 998 publi-

415 1049 549 1077 canus
572 1049 596 1076 a
627 1035 846 1078 Cicerone
872 1039 1249 1075 commemoratus.
1288 1033 1434 1088 Atque
1454 1031 1534 1074 viri
1554 1031 1699 1081 docti,

413 1125 538 1181 quod
584 1124 731 1165 Titum
772 1123 975 1166 Marium
1016 1122 1243 1178 ignorant,
1289 1120 1384 1177 ejus
1420 1121 1523 1163 loco
1558 1120 1702 1176 legere

412 1215 579 1256 malunt
598 1215 666 1257 vel
686 1213 814 1255 Titus
837 1212 1020 1262 Tarius,
1046 1212 1115 1254 vel
1133 1210 1260 1253 Titus
1276 1209 1435 1254 Arius.
1461 1209 1703 1254 videantur

412 1303 543 1360 igitur
572 1304 841 1358 interpretes.

1022 1480 1089 1521 12.

957 1657 1155 1698 Marius.

474 1834 847 1878 Commemoratur
882 1846 1063 1890 quoque
1099 1832 1156 1874 ab
1194 1831 1376 1873 Horatio
1412 1829 1475 1888 (l)
1518 1831 1702 1875 Marius

413 1923 618 1980 quidam,
638 1922 738 1980 qui,
758 1937 895 1980 quum
915 1923 1106 1978 puellam
1124 1921 1349 1964 Helladem
1372 1921 1565 1964 efflictim
1582 1933 1700 1962 ama·

414 2019 501 2064 ret,
533 2026 680 2056 verum
709 2012 765 2055 ab
787 2012 880 2068 ipsa
906 2018 1201 2068 sperneretur,
1229 2011 1421 2066 puellam
1439 2009 1702 2053 interfecisse

414 2108 457 2144 et
496 2116 540 2144 se
581 2101 640 2144 ob
668 2101 783 2144 istud
821 2102 960 2144 scelus
991 2099 1155 2144 summa
1192 2099 1463 2160 aegritudine
1488 2099 1699 2143 afflictum

415 2191 723 2248 praecipitasse
750 2196 968 2233 narratur.

455 2436 510 2482 (l)
532 2438 647 2471 Horat.
671 2438 740 2472 Sat.
767 2437 836 2470 Lib.
862 2437 910 2470 11.
935 2437 1034 2470 Satir.
1061 2436 1126 2470 111.
1153 2446 1199 2469 vs.
1225 2435 1303 2468 277.
