1872 3106
996 226 1052 269 48

379 377 498 433 apud
540 377 740 434 Syllanos
777 377 917 420 iniret.
978 378 1135 435 Itaque
1169 378 1328 434 cupide
1357 378 1557 423 utebatur
1583 395 1660 424 oc-

383 467 582 516 casione,
625 480 740 523 quae
776 467 857 523 ipsi
893 467 951 510 ad
991 469 1299 525 aufugiendum
1337 468 1598 512 offerebatur
1635 484 1662 512 a

378 556 535 611 pellice
571 554 765 612 quadam
803 556 949 613 regia,
992 564 1151 615 atque,
1184 565 1330 614 spreto
1347 556 1664 613 »hospitalitatis

377 644 492 702 jure,
528 645 585 686 ad
615 652 781 701 patrem
806 646 920 688 clam
949 646 1054 688 abiit
1084 645 1168 703 (1).
1227 646 1280 688 In
1302 645 1385 688 hac
1402 653 1544 689 autem
1560 646 1662 704 fuga

374 734 579 776 Marium
629 734 973 786 adolescentem,
1018 735 1073 777 ab
1114 736 1256 778 amico
1291 742 1334 777 et
1373 737 1545 793 aequali
1586 750 1665 779 suo

373 823 454 867 Tit.
487 823 732 878 Pomponio
762 823 906 867 Attico
932 824 1116 880 pecunia
1149 825 1417 867 sublevatum
1444 825 1572 868 fuisse
1601 826 1662 868 le-

377 913 516 970 gimus
546 913 629 971 (2).

431 1094 651 1148 Quantam
690 1094 898 1136 laetitiam
938 1100 1064 1149 pater
1106 1100 1146 1135 et
1181 1093 1295 1135 filius
1321 1100 1418 1149 post
1450 1100 1535 1135 tam
1564 1095 1662 1136 lon-

372 1196 471 1239 gam
505 1183 823 1240 separationem
859 1182 1002 1238 primo
1028 1182 1239 1238 adspectu
1263 1183 1566 1238 perceperint,
1595 1184 1664 1225 in-

372 1272 548 1314 tellectu
586 1285 676 1313 non
711 1271 948 1314 admodum
985 1271 1162 1314 difficile
1189 1278 1267 1313 est.
1328 1272 1470 1326 Quum
1493 1286 1595 1315 vero
1619 1286 1664 1315 se

370 1360 556 1403 invicem
593 1361 779 1417 amplexi
816 1367 981 1411 essent,
1026 1360 1384 1416 ambulantesque
1411 1360 1456 1402 in
1482 1361 1657 1410 littore,

372 1456 415 1492 et
456 1449 512 1492 de
550 1450 719 1491 incerto
754 1456 868 1491 statu
907 1463 1048 1490 rerum
1084 1462 1258 1490 suarum
1299 1449 1659 1499 sermocinantes,

370 1538 725 1595 pei-terrebantur
762 1539 844 1579 isto
883 1538 1137 1593 spectaculo
1167 1538 1453 1593 pugnantium
1481 1539 1594 1580 inter
1617 1552 1661 1581 se

373 1628 677 1684 scorpionum,
713 1626 839 1684 cujus
861 1640 989 1682 supra
1015 1626 1186 1684 §3jam
1202 1605 1484 1670 memixiimus.
1517 1629 1661 1686 Atque

369 1717 472 1760 hinc
501 1716 644 1758 statim
671 1729 824 1759 navem
851 1716 1128 1771 piscatoriam
1155 1717 1588 1768 conscendebant,et
1603 1717 1663 1759 ad

375 1806 559 1848 insulam
583 1805 808 1848 Cercinam
832 1792 1062 1846 veniebant
1088 1803 1170 1860 (3).
1231 1804 1317 1846 Sed
1331 1819 1464 1861 quum
1482 1812 1606 1861 pater
1617 1820 1662 1848 se

374 1908 590 1952 nusquam
607 1894 708 1936 satis
723 1900 862 1935 tutum
877 1893 1087 1943 crederet,
1104 1900 1240 1935 totam
1258 1892 1438 1936 hiemem
1452 1895 1497 1936 in
1505 1909 1662 1951 perpe-

373 1984 450 2026 tua
471 1983 750 2039 navigatione
768 1981 1054 2038 transigebat,
1082 1990 1123 2024 et
1153 1982 1286 2024 modo
1307 1981 1402 2033 hic,
1422 1984 1554 2026 modo
1569 1984 1660 2026 illic

374 2072 643 2129 aliquamdiu
669 2070 946 2121 morabatur,
979 2084 1217 2127 numquam
1247 2077 1391 2113 tamen
1405 2071 1661 2113 obliviscens

373 2162 495 2203 illum
530 2161 681 2202 nidum
717 2173 817 2202 cum
857 2165 1019 2214 septem
1059 2160 1207 2214 pullis,
1240 2162 1316 2215 qui
1339 2159 1419 2213 ipsi
1451 2173 1588 2213 puero
1614 2160 1660 2202 in

377 2251 584 2307 gremium
622 2247 902 2300 cecidissent,
934 2248 1125 2303 itemque
1150 2246 1388 2304 haruspicis
1409 2262 1661 2304 responsum

415 2441 468 2485 (1)
492 2442 584 2474 Plut.
620 2442 654 2472 in
686 2439 788 2473 Mario
820 2431 854 2482 ρ’.
886 2437 954 2470 428
977 2439 1012 2470 r.
1047 2439 1137 2481 etp.
1159 2437 1226 2471 429
1252 2440 1288 2472 B.
1313 2439 1374 2478 c.‚
1401 2440 1542 2482 Appian.
1566 2439 1662 2473 Atax.

498 2502 581 2534 Bell.
604 2501 674 2533 Civ.
698 2501 769 2533 Lib.
796 2500 824 2531 1.
847 2509 879 2532 c.
904 2498 962 2530 62.

415 2559 470 2603 (2)
493 2561 600 2603 Nepos
623 2561 657 2591 in
681 2560 717 2593 Τ.
742 2561 901 2602 Pompon.
923 2558 1038 2590 Attico
1062 2569 1134 2601 cap.
1158 2558 1192 2589 2.

419 2620 472 2664 (3)
495 2621 587 2653 Plut.
613 2621 647 2652 in
670 2620 783 2653 Mario.
810 2630 843 2663 p.
867 2618 934 2651 429
955 2619 992 2651 C.
