<?xml version="1.0" encoding="UTF-8"?>
<!DOCTYPE html PUBLIC "-//W3C//DTD XHTML 1.0 Transitional//EN"
    "http://www.w3.org/TR/xhtml1/DTD/xhtml1-transitional.dtd">
<html xmlns="http://www.w3.org/1999/xhtml" xml:lang="en" lang="en">
 <head>
  <title>
</title>
<meta http-equiv="Content-Type" content="text/html;charset=utf-8" />
  <meta name='ocr-system' content='tesseract 3.04.00' />
  <meta name='ocr-capabilities' content='ocr_page ocr_carea ocr_par ocr_line ocrx_word'/>
</head>
<body>
  <div class='ocr_page' id='page_1' title='image "./decajomariocajim00hazeuoft_0056.png"; bbox 0 0 1872 3106; ppageno 0'>
   <div class='ocr_carea' id='block_1_1' title="bbox 1001 271 1059 312">
    <p class='ocr_par' dir='ltr' id='par_1_1' title="bbox 1001 271 1059 312">
     <span class='ocr_line' id='line_1_1' title="bbox 1001 271 1059 312; baseline 0.052 -3"><span class='ocrx_word' id='word_1_1' title='bbox 1001 271 1059 312; x_wconf 61' lang='lat'><strong>233</strong></span> 
     </span>
    </p>
   </div>
   <div class='ocr_carea' id='block_1_2' title="bbox 393 421 1693 1375">
    <p class='ocr_par' dir='ltr' id='par_1_2' title="bbox 393 421 1693 1375">
     <span class='ocr_line' id='line_1_2' title="bbox 396 421 1679 477; baseline 0.006 -17"><span class='ocrx_word' id='word_1_2' title='bbox 396 428 611 475; x_wconf 84' lang='lat' dir='ltr'><strong>perpetuo</strong></span> <span class='ocrx_word' id='word_1_3' title='bbox 652 428 919 477; x_wconf 84' lang='lat' dir='ltr'><strong>occupatum</strong></span> <span class='ocrx_word' id='word_1_4' title='bbox 949 423 1123 464; x_wconf 87' lang='lat' dir='ltr'><strong>minime</strong></span> <span class='ocrx_word' id='word_1_5' title='bbox 1149 436 1294 464; x_wconf 88' lang='lat' dir='ltr'><strong>secum</strong></span> <span class='ocrx_word' id='word_1_6' title='bbox 1324 421 1520 466; x_wconf 87' lang='lat' dir='ltr'><strong>habuisse</strong></span> <span class='ocrx_word' id='word_1_7' title='bbox 1544 426 1679 468; x_wconf 87' lang='lat' dir='ltr'><strong>filium</strong></span> 
     </span>
     <span class='ocr_line' id='line_1_3' title="bbox 395 508 1680 567; baseline 0.006 -18"><span class='ocrx_word' id='word_1_8' title='bbox 395 521 535 551; x_wconf 89' lang='lat' dir='ltr'><strong>suum.</strong></span> <span class='ocrx_word' id='word_1_9' title='bbox 595 508 823 552; x_wconf 89' lang='lat' dir='ltr'><strong>Praeterea</strong></span> <span class='ocrx_word' id='word_1_10' title='bbox 854 511 991 567; x_wconf 85' lang='lat' dir='ltr'><strong>magis</strong></span> <span class='ocrx_word' id='word_1_11' title='bbox 1018 511 1149 554; x_wconf 88' lang='lat' dir='ltr'><strong>etiam</strong></span> <span class='ocrx_word' id='word_1_12' title='bbox 1179 517 1376 563; x_wconf 87' lang='lat' dir='ltr'><strong>constat,</strong></span> <span class='ocrx_word' id='word_1_13' title='bbox 1414 511 1464 555; x_wconf 81' lang='lat' dir='ltr'><strong>C.</strong></span> <span class='ocrx_word' id='word_1_14' title='bbox 1481 513 1680 557; x_wconf 79' lang='lat' dir='ltr'><strong>Marium</strong></span> 
     </span>
     <span class='ocr_line' id='line_1_4' title="bbox 397 597 1684 650; baseline 0.005 -11"><span class='ocrx_word' id='word_1_15' title='bbox 397 597 568 641; x_wconf 89' lang='lat' dir='ltr'><strong>Romae</strong></span> <span class='ocrx_word' id='word_1_16' title='bbox 592 598 639 639; x_wconf 90' lang='lat' dir='ltr'><strong>in</strong></span> <span class='ocrx_word' id='word_1_17' title='bbox 663 597 833 642; x_wconf 89' lang='lat' dir='ltr'><strong>scholas</strong></span> <span class='ocrx_word' id='word_1_18' title='bbox 856 600 978 643; x_wconf 89' lang='lat' dir='ltr'><strong>ivisse</strong></span> <span class='ocrx_word' id='word_1_19' title='bbox 993 632 1003 650; x_wconf 96' lang='lat'>,</span> <span class='ocrx_word' id='word_1_20' title='bbox 1030 602 1063 643; x_wconf 89' lang='lat' dir='ltr'><strong>si</strong></span> <span class='ocrx_word' id='word_1_21' title='bbox 1080 602 1461 645; x_wconf 81' lang='lat' dir='ltr'>animadvertimus</span> <span class='ocrx_word' id='word_1_22' title='bbox 1476 601 1535 644; x_wconf 87' lang='lat' dir='ltr'><strong>ad</strong></span> <span class='ocrx_word' id='word_1_23' title='bbox 1552 602 1684 646; x_wconf 81' lang='lat' dir='ltr'><strong>verba</strong></span> 
     </span>
     <span class='ocr_line' id='line_1_5' title="bbox 396 686 1686 747; baseline 0.006 -20"><span class='ocrx_word' id='word_1_24' title='bbox 396 686 590 743; x_wconf 78' lang='lat' dir='ltr'><em>Nepotis</em></span> <span class='ocrx_word' id='word_1_25' title='bbox 615 686 680 744; x_wconf 86' lang='lat' dir='ltr'><strong>(l)</strong></span> <span class='ocrx_word' id='word_1_26' title='bbox 726 687 800 729; x_wconf 87' lang='lat' dir='ltr'><strong>ubi</strong></span> <span class='ocrx_word' id='word_1_27' title='bbox 833 688 963 739; x_wconf 86' lang='lat' dir='ltr'><strong>dicit,</strong></span> <span class='ocrx_word' id='word_1_28' title='bbox 998 689 1079 732; x_wconf 86' lang='lat' dir='ltr'><strong>Tit.</strong></span> <span class='ocrx_word' id='word_1_29' title='bbox 1108 690 1398 747; x_wconf 89' lang='lat' dir='ltr'><strong>Pomponium</strong></span> <span class='ocrx_word' id='word_1_30' title='bbox 1422 691 1615 735; x_wconf 88' lang='lat' dir='ltr'><strong>Atticum</strong></span> <span class='ocrx_word' id='word_1_31' title='bbox 1639 693 1686 735; x_wconf 85' lang='lat' dir='ltr'><strong>in</strong></span> 
     </span>
     <span class='ocr_line' id='line_1_6' title="bbox 394 775 1687 838; baseline 0.005 -21"><span class='ocrx_word' id='word_1_32' title='bbox 394 775 582 831; x_wconf 66' lang='lat' dir='ltr'><strong>pueritia</strong></span> <span class='ocrx_word' id='word_1_33' title='bbox 618 777 677 821; x_wconf 90' lang='lat' dir='ltr'><strong>ob</strong></span> <span class='ocrx_word' id='word_1_34' title='bbox 706 778 867 835; x_wconf 87' lang='lat' dir='ltr'><strong>ingenii</strong></span> <span class='ocrx_word' id='word_1_35' title='bbox 897 779 1169 822; x_wconf 85' lang='lat' dir='ltr'>docilitatem</span> <span class='ocrx_word' id='word_1_36' title='bbox 1195 781 1308 822; x_wconf 88' lang='lat' dir='ltr'><strong>iuter</strong></span> <span class='ocrx_word' id='word_1_37' title='bbox 1331 781 1535 838; x_wconf 80' lang='lat' dir='ltr'><strong>aequales</strong></span> <span class='ocrx_word' id='word_1_38' title='bbox 1559 780 1687 824; x_wconf 88' lang='lat' dir='ltr'><strong>nobi-</strong></span> 
     </span>
     <span class='ocr_line' id='line_1_7' title="bbox 397 866 1687 929; baseline 0.005 -22"><span class='ocrx_word' id='word_1_39' title='bbox 397 866 481 907; x_wconf 88' lang='lat' dir='ltr'><strong>lem</strong></span> <span class='ocrx_word' id='word_1_40' title='bbox 506 866 658 916; x_wconf 89' lang='lat' dir='ltr'><strong>fuisse,</strong></span> <span class='ocrx_word' id='word_1_41' title='bbox 692 868 939 925; x_wconf 85' lang='lat' dir='ltr'><strong>clariusque</strong></span> <span class='ocrx_word' id='word_1_42' title='bbox 964 869 1282 925; x_wconf 88' lang='lat' dir='ltr'><strong>exsplenduisse</strong></span> <span class='ocrx_word' id='word_1_43' title='bbox 1297 902 1307 921; x_wconf 92' lang='lat'>,</span> <span class='ocrx_word' id='word_1_44' title='bbox 1337 884 1471 927; x_wconf 89' lang='lat' dir='ltr'><strong>quam</strong></span> <span class='ocrx_word' id='word_1_45' title='bbox 1491 872 1687 929; x_wconf 88' lang='lat' dir='ltr'><strong>generosi</strong></span> 
     </span>
     <span class='ocr_line' id='line_1_8' title="bbox 394 956 1687 1015; baseline 0.006 -18"><span class='ocrx_word' id='word_1_46' title='bbox 394 956 686 1012; x_wconf 87' lang='lat' dir='ltr'><strong>condiscipuli</strong></span> <span class='ocrx_word' id='word_1_47' title='bbox 708 970 854 1014; x_wconf 89' lang='lat' dir='ltr'><strong>aequo</strong></span> <span class='ocrx_word' id='word_1_48' title='bbox 881 958 1027 1000; x_wconf 90' lang='lat' dir='ltr'><strong>animo</strong></span> <span class='ocrx_word' id='word_1_49' title='bbox 1053 958 1165 1000; x_wconf 85' lang='lat' dir='ltr'><strong>ferre</strong></span> <span class='ocrx_word' id='word_1_50' title='bbox 1186 960 1441 1015; x_wconf 88' lang='lat' dir='ltr'><strong>potuissent.</strong></span> <span class='ocrx_word' id='word_1_51' title='bbox 1487 961 1597 1005; x_wconf 88' lang='lat' dir='ltr'><strong>Nam</strong></span> <span class='ocrx_word' id='word_1_52' title='bbox 1619 962 1687 1004; x_wconf 87' lang='lat' dir='ltr'><strong>in·</strong></span> 
     </span>
     <span class='ocr_line' id='line_1_9' title="bbox 402 1045 1688 1108; baseline 0.006 -21"><span class='ocrx_word' id='word_1_53' title='bbox 402 1053 468 1088; x_wconf 88' lang='lat' dir='ltr'><strong>ter</strong></span> <span class='ocrx_word' id='word_1_54' title='bbox 505 1046 603 1087; x_wconf 89' lang='lat' dir='ltr'><strong>illos</strong></span> <span class='ocrx_word' id='word_1_55' title='bbox 637 1045 964 1102; x_wconf 88' lang='lat' dir='ltr'><strong>condiscipulos</strong></span> <span class='ocrx_word' id='word_1_56' title='bbox 997 1054 1041 1089; x_wconf 82' lang='lat' dir='ltr'><strong>et</strong></span> <span class='ocrx_word' id='word_1_57' title='bbox 1068 1049 1274 1104; x_wconf 84' lang='lat' dir='ltr'><strong>aequales</strong></span> <span class='ocrx_word' id='word_1_58' title='bbox 1297 1063 1321 1091; x_wconf 88' lang='lat' dir='ltr'><strong>a</strong></span> <span class='ocrx_word' id='word_1_59' title='bbox 1344 1051 1520 1108; x_wconf 82' lang='lat' dir='ltr'><strong>Nepote</strong></span> <span class='ocrx_word' id='word_1_60' title='bbox 1545 1053 1688 1094; x_wconf 89' lang='lat' dir='ltr'><strong>nomi·</strong></span> 
     </span>
     <span class='ocr_line' id='line_1_10' title="bbox 393 1134 1684 1198; baseline 0.007 -22"><span class='ocrx_word' id='word_1_61' title='bbox 393 1135 531 1177; x_wconf 88' lang='lat' dir='ltr'><strong>natim</strong></span> <span class='ocrx_word' id='word_1_62' title='bbox 568 1134 815 1177; x_wconf 84' lang='lat' dir='ltr'><strong>referuntur</strong></span> <span class='ocrx_word' id='word_1_63' title='bbox 841 1136 889 1178; x_wconf 88' lang='lat' dir='ltr'><strong>L.</strong></span> <span class='ocrx_word' id='word_1_64' title='bbox 923 1136 1196 1194; x_wconf 85' lang='lat' dir='ltr'><strong>Torquatus,</strong></span> <span class='ocrx_word' id='word_1_65' title='bbox 1232 1139 1282 1182; x_wconf 78' lang='lat'><strong>0.</strong></span> <span class='ocrx_word' id='word_1_66' title='bbox 1315 1141 1499 1183; x_wconf 70' lang='lat' dir='ltr'><strong>Marius</strong></span> <span class='ocrx_word' id='word_1_67' title='bbox 1517 1142 1684 1198; x_wconf 78' lang='lat' dir='ltr'><strong>filius,</strong></span> 
     </span>
     <span class='ocr_line' id='line_1_11' title="bbox 394 1223 1693 1281; baseline 0.005 -15"><span class='ocrx_word' id='word_1_68' title='bbox 394 1225 450 1266; x_wconf 81' lang='lat' dir='ltr'><strong>M.</strong></span> <span class='ocrx_word' id='word_1_69' title='bbox 482 1223 660 1279; x_wconf 73' lang='lat' dir='ltr'><strong>Cicero,</strong></span> <span class='ocrx_word' id='word_1_70' title='bbox 694 1239 812 1281; x_wconf 77' lang='lat' dir='ltr'><strong>quos</strong></span> <span class='ocrx_word' id='word_1_71' title='bbox 840 1228 1176 1271; x_wconf 74' lang='lat' dir='ltr'><strong>consuetudine</strong></span> <span class='ocrx_word' id='word_1_72' title='bbox 1201 1230 1291 1270; x_wconf 71' lang='lat' dir='ltr'><strong>suci</strong></span> <span class='ocrx_word' id='word_1_73' title='bbox 1318 1229 1487 1271; x_wconf 85' lang='lat' dir='ltr'><strong>Atticus</strong></span> <span class='ocrx_word' id='word_1_74' title='bbox 1511 1233 1580 1272; x_wconf 80' lang='lat' dir='ltr'><strong>sz&#39;c</strong></span> <span class='ocrx_word' id='word_1_75' title='bbox 1601 1231 1693 1273; x_wconf 72' lang='lat' dir='ltr'><strong>sibi</strong></span> 
     </span>
     <span class='ocr_line' id='line_1_12' title="bbox 394 1313 1690 1375; baseline 0.006 -21"><span class='ocrx_word' id='word_1_76' title='bbox 394 1314 666 1355; x_wconf 76' lang='lat' dir='ltr'><strong>devinxisse</strong></span> <span class='ocrx_word' id='word_1_77' title='bbox 689 1313 942 1369; x_wconf 83' lang='lat' dir='ltr'><strong>perhibetur</strong></span> <span class='ocrx_word' id='word_1_78' title='bbox 956 1346 967 1366; x_wconf 87' lang='lat'>,</span> <span class='ocrx_word' id='word_1_79' title='bbox 1000 1322 1055 1358; x_wconf 78' lang='lat' dir='ltr'><strong>ut</strong></span> <span class='ocrx_word' id='word_1_80' title='bbox 1069 1332 1199 1360; x_wconf 83' lang='lat' dir='ltr'><strong>nemo</strong></span> <span class='ocrx_word' id='word_1_81' title='bbox 1216 1320 1275 1359; x_wconf 80' lang='lat' dir='ltr'><strong>z&#39;z‘s</strong></span> <span class='ocrx_word' id='word_1_82' title='bbox 1283 1325 1514 1375; x_wconf 75' lang='lat' dir='ltr'><strong>perpetuo</strong></span> <span class='ocrx_word' id='word_1_83' title='bbox 1531 1322 1690 1362; x_wconf 73' lang='lat' dir='ltr'><strong>can&#39;or</strong></span> 
     </span>
    </p>
   </div>
   <div class='ocr_carea' id='block_1_3' title="bbox 381 1402 1685 1464">
    <p class='ocr_par' dir='ltr' id='par_1_3' title="bbox 381 1402 1685 1464">
     <span class='ocr_line' id='line_1_13' title="bbox 381 1402 1685 1464; baseline 0.004 -19"><span class='ocrx_word' id='word_1_84' title='bbox 381 1402 558 1458; x_wconf 77' lang='lat' dir='ltr'><strong>fuerit.</strong></span> <span class='ocrx_word' id='word_1_85' title='bbox 619 1403 687 1446; x_wconf 86' lang='lat' dir='ltr'><strong>An</strong></span> <span class='ocrx_word' id='word_1_86' title='bbox 710 1418 814 1447; x_wconf 73' lang='lat' dir='ltr'><strong>vcro</strong></span> <span class='ocrx_word' id='word_1_87' title='bbox 841 1403 913 1446; x_wconf 90' lang='lat' dir='ltr'><strong>hic</strong></span> <span class='ocrx_word' id='word_1_88' title='bbox 938 1405 1052 1447; x_wconf 88' lang='lat' dir='ltr'><strong>filius</strong></span> <span class='ocrx_word' id='word_1_89' title='bbox 1080 1406 1212 1448; x_wconf 88' lang='lat' dir='ltr'><strong>etiam</strong></span> <span class='ocrx_word' id='word_1_90' title='bbox 1230 1405 1517 1464; x_wconf 80' lang='lat' dir='ltr'><strong>Philosophus</strong></span> <span class='ocrx_word' id='word_1_91' title='bbox 1533 1407 1685 1450; x_wconf 87' lang='lat' dir='ltr'><strong>audie-</strong></span> 
     </span>
    </p>
   </div>
   <div class='ocr_carea' id='block_1_4' title="bbox 312 1491 1688 1553">
    <p class='ocr_par' dir='ltr' id='par_1_4' title="bbox 312 1491 1688 1553">
     <span class='ocr_line' id='line_1_14' title="bbox 312 1491 1688 1553; baseline 0.004 -20"><span class='ocrx_word' id='word_1_92' title='bbox 312 1510 316 1514; x_wconf 87' lang='lat'>·</span> <span class='ocrx_word' id='word_1_93' title='bbox 393 1492 474 1542; x_wconf 87' lang='lat' dir='ltr'><strong>rit,</strong></span> <span class='ocrx_word' id='word_1_94' title='bbox 521 1498 564 1534; x_wconf 82' lang='lat' dir='ltr'><strong>ct</strong></span> <span class='ocrx_word' id='word_1_95' title='bbox 598 1492 642 1534; x_wconf 90' lang='lat' dir='ltr'><strong>in</strong></span> <span class='ocrx_word' id='word_1_96' title='bbox 681 1491 903 1536; x_wconf 84' lang='lat' dir='ltr'><strong>literarum</strong></span> <span class='ocrx_word' id='word_1_97' title='bbox 933 1493 1203 1537; x_wconf 85' lang='lat' dir='ltr'><strong>humanitate</strong></span> <span class='ocrx_word' id='word_1_98' title='bbox 1230 1509 1412 1553; x_wconf 89' lang='lat' dir='ltr'><strong>magnos</strong></span> <span class='ocrx_word' id='word_1_99' title='bbox 1437 1509 1688 1553; x_wconf 86' lang='lat' dir='ltr'><strong>progressus</strong></span> 
     </span>
    </p>
   </div>
   <div class='ocr_carea' id='block_1_5' title="bbox 397 1581 1691 2347">
    <p class='ocr_par' dir='ltr' id='par_1_5' title="bbox 397 1581 1691 2347">
     <span class='ocr_line' id='line_1_15' title="bbox 398 1581 1689 1642; baseline 0.005 -20"><span class='ocrx_word' id='word_1_100' title='bbox 398 1581 570 1631; x_wconf 81' lang='lat' dir='ltr'><strong>fecerit,</strong></span> <span class='ocrx_word' id='word_1_101' title='bbox 607 1581 823 1625; x_wconf 86' lang='lat' dir='ltr'><strong>affirmare</strong></span> <span class='ocrx_word' id='word_1_102' title='bbox 848 1596 938 1625; x_wconf 90' lang='lat' dir='ltr'><strong>non</strong></span> <span class='ocrx_word' id='word_1_103' title='bbox 964 1584 1106 1626; x_wconf 85' lang='lat' dir='ltr'><strong>audeo</strong></span> <span class='ocrx_word' id='word_1_104' title='bbox 1123 1615 1134 1634; x_wconf 92' lang='lat'>,</span> <span class='ocrx_word' id='word_1_105' title='bbox 1167 1586 1418 1640; x_wconf 89' lang='lat' dir='ltr'><strong>praesertim</strong></span> <span class='ocrx_word' id='word_1_106' title='bbox 1441 1599 1577 1642; x_wconf 89' lang='lat' dir='ltr'><strong>quum</strong></span> <span class='ocrx_word' id='word_1_107' title='bbox 1594 1587 1689 1628; x_wconf 87' lang='lat' dir='ltr'><strong>ani-</strong></span> 
     </span>
     <span class='ocr_line' id='line_1_16' title="bbox 397 1671 1691 1732; baseline 0.005 -21"><span class='ocrx_word' id='word_1_108' title='bbox 397 1684 517 1711; x_wconf 90' lang='lat' dir='ltr'><strong>mum</strong></span> <span class='ocrx_word' id='word_1_109' title='bbox 557 1671 737 1721; x_wconf 64' lang='lat' dir='ltr'><strong>adverto</strong></span> <span class='ocrx_word' id='word_1_110' title='bbox 770 1672 828 1714; x_wconf 85' lang='lat' dir='ltr'><strong>ad</strong></span> <span class='ocrx_word' id='word_1_111' title='bbox 858 1672 1098 1729; x_wconf 89' lang='lat' dir='ltr'><strong>juvenilem</strong></span> <span class='ocrx_word' id='word_1_112' title='bbox 1127 1680 1313 1715; x_wconf 87' lang='lat' dir='ltr'><strong>aetatem</strong></span> <span class='ocrx_word' id='word_1_113' title='bbox 1338 1673 1459 1730; x_wconf 86' lang='lat' dir='ltr'><strong>ejus,</strong></span> <span class='ocrx_word' id='word_1_114' title='bbox 1492 1674 1583 1732; x_wconf 70' lang='lat' dir='ltr'><strong>qua</strong></span> <span class='ocrx_word' id='word_1_115' title='bbox 1609 1675 1691 1717; x_wconf 88' lang='lat' dir='ltr'><strong>Ur-</strong></span> 
     </span>
     <span class='ocr_line' id='line_1_17' title="bbox 397 1759 1686 1822; baseline 0.004 -21"><span class='ocrx_word' id='word_1_116' title='bbox 397 1759 497 1802; x_wconf 86' lang='lat' dir='ltr'><strong>bem</strong></span> <span class='ocrx_word' id='word_1_117' title='bbox 525 1760 771 1817; x_wconf 84' lang='lat' dir='ltr'><strong>relinquere</strong></span> <span class='ocrx_word' id='word_1_118' title='bbox 791 1767 972 1803; x_wconf 86' lang='lat' dir='ltr'><strong>coactus</strong></span> <span class='ocrx_word' id='word_1_119' title='bbox 993 1768 1071 1805; x_wconf 85' lang='lat' dir='ltr'><strong>est.</strong></span> <span class='ocrx_word' id='word_1_120' title='bbox 1114 1761 1242 1804; x_wconf 89' lang='lat' dir='ltr'><strong>Anno</strong></span> <span class='ocrx_word' id='word_1_121' title='bbox 1258 1763 1371 1804; x_wconf 89' lang='lat' dir='ltr'><strong>enim</strong></span> <span class='ocrx_word' id='word_1_122' title='bbox 1387 1762 1438 1806; x_wconf 89' lang='lat' dir='ltr'><strong>U.</strong></span> <span class='ocrx_word' id='word_1_123' title='bbox 1454 1763 1501 1807; x_wconf 91' lang='lat' dir='ltr'><strong>C.</strong></span> <span class='ocrx_word' id='word_1_124' title='bbox 1517 1763 1603 1808; x_wconf 83' lang='lat'><strong>665</strong></span> <span class='ocrx_word' id='word_1_125' title='bbox 1620 1762 1686 1822; x_wconf 81' lang='lat'><strong>(2)</strong></span> 
     </span>
     <span class='ocr_line' id='line_1_18' title="bbox 402 1847 1690 1907; baseline 0.005 -18"><span class='ocrx_word' id='word_1_126' title='bbox 402 1861 502 1890; x_wconf 91' lang='lat' dir='ltr'><strong>cum</strong></span> <span class='ocrx_word' id='word_1_127' title='bbox 523 1854 650 1904; x_wconf 84' lang='lat' dir='ltr'><strong>patre</strong></span> <span class='ocrx_word' id='word_1_128' title='bbox 675 1861 699 1890; x_wconf 88' lang='lat' dir='ltr'><strong>a</strong></span> <span class='ocrx_word' id='word_1_129' title='bbox 725 1848 844 1906; x_wconf 68' lang='lat' dir='ltr'><strong>Sylla</strong></span> <span class='ocrx_word' id='word_1_130' title='bbox 867 1847 1003 1892; x_wconf 89' lang='lat' dir='ltr'><strong>hostis</strong></span> <span class='ocrx_word' id='word_1_131' title='bbox 1024 1849 1270 1907; x_wconf 83' lang='lat' dir='ltr'><strong>judicatus,</strong></span> <span class='ocrx_word' id='word_1_132' title='bbox 1291 1852 1488 1896; x_wconf 88' lang='lat' dir='ltr'><strong>nondum</strong></span> <span class='ocrx_word' id='word_1_133' title='bbox 1503 1853 1690 1896; x_wconf 86' lang='lat' dir='ltr'><strong>adillam</strong></span> 
     </span>
     <span class='ocr_line' id='line_1_19' title="bbox 399 1936 1688 1999; baseline 0.005 -22"><span class='ocrx_word' id='word_1_134' title='bbox 399 1936 555 1978; x_wconf 85' lang='lat' dir='ltr'><strong>aetatis</strong></span> <span class='ocrx_word' id='word_1_135' title='bbox 588 1937 883 1980; x_wconf 85' lang='lat' dir='ltr'><strong>maturitatem</strong></span> <span class='ocrx_word' id='word_1_136' title='bbox 921 1946 1207 1995; x_wconf 85' lang='lat' dir='ltr'><strong>pervenerat,</strong></span> <span class='ocrx_word' id='word_1_137' title='bbox 1250 1947 1297 1982; x_wconf 90' lang='lat' dir='ltr'><strong>ut</strong></span> <span class='ocrx_word' id='word_1_138' title='bbox 1336 1955 1389 1984; x_wconf 87' lang='lat' dir='ltr'><strong>ex</strong></span> <span class='ocrx_word' id='word_1_139' title='bbox 1420 1942 1526 1992; x_wconf 86' lang='lat' dir='ltr'><strong>illis,</strong></span> <span class='ocrx_word' id='word_1_140' title='bbox 1572 1955 1688 1999; x_wconf 87' lang='lat' dir='ltr'><strong>quae</strong></span> 
     </span>
     <span class='ocr_line' id='line_1_20' title="bbox 400 2025 1689 2087; baseline 0.005 -20"><span class='ocrx_word' id='word_1_141' title='bbox 400 2025 644 2076; x_wconf 83' lang='lat' dir='ltr'><strong>didicisset,</strong></span> <span class='ocrx_word' id='word_1_142' title='bbox 662 2025 758 2082; x_wconf 84' lang='lat' dir='ltr'><strong>jam</strong></span> <span class='ocrx_word' id='word_1_143' title='bbox 783 2027 967 2070; x_wconf 79' lang='lat' dir='ltr'><strong>multum</strong></span> <span class='ocrx_word' id='word_1_144' title='bbox 995 2028 1192 2071; x_wconf 88' lang='lat' dir='ltr'><strong>utilitatis</strong></span> <span class='ocrx_word' id='word_1_145' title='bbox 1219 2031 1445 2087; x_wconf 77' lang='lat' dir='ltr'><strong>percipere</strong></span> <span class='ocrx_word' id='word_1_146' title='bbox 1465 2031 1689 2087; x_wconf 81' lang='lat' dir='ltr'><strong>potuisset.</strong></span> 
     </span>
     <span class='ocr_line' id='line_1_21' title="bbox 398 2114 1688 2175; baseline 0.005 -20"><span class='ocrx_word' id='word_1_147' title='bbox 398 2114 629 2156; x_wconf 89' lang='lat' dir='ltr'><strong>Praeterea</strong></span> <span class='ocrx_word' id='word_1_148' title='bbox 667 2115 861 2157; x_wconf 88' lang='lat' dir='ltr'><strong>similiter</strong></span> <span class='ocrx_word' id='word_1_149' title='bbox 883 2122 1017 2173; x_wconf 89' lang='lat' dir='ltr'><strong>atque</strong></span> <span class='ocrx_word' id='word_1_150' title='bbox 1040 2118 1255 2173; x_wconf 88' lang='lat' dir='ltr'><strong>parentis,</strong></span> <span class='ocrx_word' id='word_1_151' title='bbox 1288 2119 1364 2174; x_wconf 90' lang='lat' dir='ltr'><strong>qui</strong></span> <span class='ocrx_word' id='word_1_152' title='bbox 1389 2119 1554 2161; x_wconf 87' lang='lat' dir='ltr'><strong>nullam</strong></span> <span class='ocrx_word' id='word_1_153' title='bbox 1579 2133 1688 2175; x_wconf 89' lang='lat' dir='ltr'><strong>ope-</strong></span> 
     </span>
     <span class='ocr_line' id='line_1_22' title="bbox 398 2203 1687 2257; baseline 0.004 -12"><span class='ocrx_word' id='word_1_154' title='bbox 398 2216 494 2245; x_wconf 88' lang='lat' dir='ltr'><strong>ram</strong></span> <span class='ocrx_word' id='word_1_155' title='bbox 518 2203 652 2246; x_wconf 87' lang='lat' dir='ltr'><strong>literis</strong></span> <span class='ocrx_word' id='word_1_156' title='bbox 679 2211 939 2257; x_wconf 84' lang='lat' dir='ltr'><strong>navaverat‚</strong></span> <span class='ocrx_word' id='word_1_157' title='bbox 970 2205 1031 2248; x_wconf 90' lang='lat' dir='ltr'><strong>sic</strong></span> <span class='ocrx_word' id='word_1_158' title='bbox 1055 2206 1185 2248; x_wconf 85' lang='lat' dir='ltr'><strong>etiam</strong></span> <span class='ocrx_word' id='word_1_159' title='bbox 1209 2206 1287 2248; x_wconf 89' lang='lat' dir='ltr'><strong>filii</strong></span> <span class='ocrx_word' id='word_1_160' title='bbox 1311 2207 1478 2250; x_wconf 87' lang='lat' dir='ltr'><strong>animus</strong></span> <span class='ocrx_word' id='word_1_161' title='bbox 1499 2208 1602 2250; x_wconf 87' lang='lat' dir='ltr'><strong>anili</strong></span> <span class='ocrx_word' id='word_1_162' title='bbox 1613 2221 1687 2250; x_wconf 92' lang='lat' dir='ltr'><strong>su-</strong></span> 
     </span>
     <span class='ocr_line' id='line_1_23' title="bbox 398 2291 1684 2347; baseline 0.005 -13"><span class='ocrx_word' id='word_1_163' title='bbox 398 2292 654 2347; x_wconf 89' lang='lat' dir='ltr'><strong>perstitione</strong></span> <span class='ocrx_word' id='word_1_164' title='bbox 686 2291 877 2334; x_wconf 89' lang='lat' dir='ltr'><strong>imbutus</strong></span> <span class='ocrx_word' id='word_1_165' title='bbox 912 2292 1008 2336; x_wconf 83' lang='lat' dir='ltr'><strong>fuit.</strong></span> <span class='ocrx_word' id='word_1_166' title='bbox 1068 2294 1274 2338; x_wconf 88' lang='lat' dir='ltr'><strong>Videntes</strong></span> <span class='ocrx_word' id='word_1_167' title='bbox 1310 2295 1423 2338; x_wconf 89' lang='lat' dir='ltr'><strong>enim</strong></span> <span class='ocrx_word' id='word_1_168' title='bbox 1457 2296 1502 2338; x_wconf 89' lang='lat' dir='ltr'><strong>in</strong></span> <span class='ocrx_word' id='word_1_169' title='bbox 1537 2297 1684 2341; x_wconf 88' lang='lat' dir='ltr'><strong>littore</strong></span> 
     </span>
    </p>
   </div>
   <div class='ocr_carea' id='block_1_6' title="bbox 398 2379 1684 2441">
    <p class='ocr_par' dir='ltr' id='par_1_6' title="bbox 398 2379 1684 2441">
     <span class='ocr_line' id='line_1_24' title="bbox 398 2379 1684 2441; baseline 0.007 -19"><span class='ocrx_word' id='word_1_170' title='bbox 398 2379 572 2423; x_wconf 79' lang='lat' dir='ltr'><strong>Africae</strong></span> <span class='ocrx_word' id='word_1_171' title='bbox 611 2380 863 2437; x_wconf 86' lang='lat' dir='ltr'><strong>scorpiones</strong></span> <span class='ocrx_word' id='word_1_172' title='bbox 895 2381 1008 2424; x_wconf 89' lang='lat' dir='ltr'><strong>inter</strong></span> <span class='ocrx_word' id='word_1_173' title='bbox 1029 2396 1073 2425; x_wconf 89' lang='lat' dir='ltr'><strong>se</strong></span> <span class='ocrx_word' id='word_1_174' title='bbox 1101 2391 1369 2441; x_wconf 83' lang='lat' dir='ltr'><strong>pugnantes,</strong></span> <span class='ocrx_word' id='word_1_175' title='bbox 1400 2386 1544 2430; x_wconf 88' lang='lat' dir='ltr'><strong>statim</strong></span> <span class='ocrx_word' id='word_1_176' title='bbox 1569 2388 1684 2432; x_wconf 89' lang='lat' dir='ltr'><strong>filius</strong></span> 
     </span>
    </p>
   </div>
   <div class='ocr_carea' id='block_1_7' title="bbox 440 2602 1052 2704">
    <p class='ocr_par' dir='ltr' id='par_1_7' title="bbox 440 2602 1052 2704">
     <span class='ocr_line' id='line_1_25' title="bbox 440 2602 1052 2644; baseline 0.003 -12"><span class='ocrx_word' id='word_1_177' title='bbox 440 2602 490 2642; x_wconf 86' lang='lat' dir='ltr'><strong>(l)</strong></span> <span class='ocrx_word' id='word_1_178' title='bbox 516 2603 623 2643; x_wconf 84' lang='lat' dir='ltr'><strong>Nepos</strong></span> <span class='ocrx_word' id='word_1_179' title='bbox 651 2602 683 2632; x_wconf 88' lang='lat' dir='ltr'><strong>in</strong></span> <span class='ocrx_word' id='word_1_180' title='bbox 707 2603 773 2633; x_wconf 78' lang='lat' dir='ltr'><strong>vita</strong></span> <span class='ocrx_word' id='word_1_181' title='bbox 796 2602 899 2634; x_wconf 72' lang='lat' dir='ltr'><strong>Attio.</strong></span> <span class='ocrx_word' id='word_1_182' title='bbox 921 2612 992 2644; x_wconf 82' lang='lat' dir='ltr'><strong>cap.</strong></span> <span class='ocrx_word' id='word_1_183' title='bbox 1023 2604 1052 2634; x_wconf 87' lang='lat' dir='ltr'><strong>l.</strong></span> 
     </span>
     <span class='ocr_line' id='line_1_26' title="bbox 441 2658 963 2704; baseline 0.006 -13"><span class='ocrx_word' id='word_1_184' title='bbox 441 2661 492 2704; x_wconf 81' lang='lat'><strong>(2)</strong></span> <span class='ocrx_word' id='word_1_185' title='bbox 518 2662 627 2703; x_wconf 74' lang='lat' dir='ltr'><strong>Pighii</strong></span> <span class='ocrx_word' id='word_1_186' title='bbox 657 2662 777 2695; x_wconf 78' lang='lat' dir='ltr'><strong>Annal.</strong></span> <span class='ocrx_word' id='word_1_187' title='bbox 805 2661 844 2693; x_wconf 80' lang='lat' dir='ltr'><strong>ad</strong></span> <span class='ocrx_word' id='word_1_188' title='bbox 869 2658 905 2694; x_wconf 77' lang='lat' dir='ltr'><strong>ll.</strong></span> <span class='ocrx_word' id='word_1_189' title='bbox 932 2673 963 2694; x_wconf 79' lang='lat' dir='ltr'><strong>a.</strong></span> 
     </span>
    </p>
   </div>
  </div>
 </body>
</html>
