1872 3106
970 276 1018 316 10

396 429 574 472 Interim
615 435 758 471 tamen
792 428 930 484 probe
958 428 1191 471 tenendum
1217 433 1306 477 est,
1340 426 1418 468 hos
1441 427 1499 470 ad
1515 427 1627 485 juris

342 519 653 576 aequalitatem
703 518 986 560 obtinendam
1034 532 1111 574 per
1156 530 1294 559 annos
1327 516 1540 558 ducentos
1575 529 1629 559 ac

340 609 487 664 plures
525 614 689 650 tractos
731 614 873 649 motus
911 606 1195 656 domesticos,
1237 605 1434 662 quamvis
1467 605 1633 648 civitati
1683 631 1685 633 -

341 698 571 741 Romanae
609 698 728 739 haud
766 711 921 752 parum
947 695 1202 745 nocuerint,
1236 702 1278 737 et
1307 694 1632 751 impediverint,

341 788 574 844 quominus
603 787 710 828 fines
739 786 908 842 imperii
935 785 1094 828 fuerint
1125 784 1311 842 prolati,
1342 783 1538 826 hostibus
1567 791 1636 826 ta·-

339 891 439 920 men
474 876 743 933 reipublicae
778 889 933 931 parum
958 874 1136 916 omnino
1161 873 1385 929 profuisse.
1440 872 1496 914 Id
1518 873 1632 915 enim

337 968 506 1023 populo
563 965 768 1009 Romano
815 963 1010 1020 inprimis
1052 962 1278 1019 proprium
1326 975 1381 1003 ac
1423 961 1637 1004 familiare

339 1064 460 1107 erat,
505 1063 552 1097 ut
601 1054 752 1098 mutua
795 1053 1016 1097 discordia
1056 1052 1236 1110 quidem
1277 1050 1554 1100 laborarent,
1599 1051 1633 1092 si

339 1159 451 1202 pace
486 1145 758 1193 fruerentur,
792 1151 837 1185 at
868 1157 971 1186 vero
996 1142 1140 1184 statim
1167 1141 1226 1182 ad
1249 1139 1537 1183 concordiam
1564 1151 1633 1182 re·

341 1235 511 1281 ditent.
564 1247 699 1290 quum
746 1231 864 1274 bello
905 1230 1230 1287 premebantur.
1299 1229 1418 1272 Cari
1455 1229 1634 1286 quidem

341 1326 444 1382 ipsis
478 1330 601 1367 erant
630 1324 788 1373 liberi,
817 1325 923 1365 carz'
942 1326 1195 1378 parentes,
1224 1317 1308 1363 sed
1332 1321 1532 1361 omnium
1561 1334 1639 1361 ca-

343 1418 537 1465 ritates,
569 1421 616 1456 ut
643 1413 750 1456 dicit
778 1412 932 1455 Cicero
952 1411 1015 1467 (2)
1042 1440 1057 1463 ‚
1085 1425 1182 1452 una
1205 1410 1369 1465 patria
1392 1408 1638 1463 amplecte-

343 1504 496 1547 batur.
557 1503 675 1556 Quid
718 1501 888 1543 multa?
959 1499 1180 1554 Quamdiu
1219 1496 1292 1539 hic
1330 1508 1454 1538 amor
1491 1495 1638 1538 studio

340 1592 510 1634 virtutis
546 1597 808 1633 sustentatus
845 1589 890 1632 in
927 1588 1080 1630 animis
1105 1587 1407 1630 Romanorum
1433 1585 1633 1643 vigebat,

275 1739 281 1743 '
343 1681 513 1724 tamdiu
551 1687 676 1723 erant
711 1680 878 1722 invicti.
946 1678 1008 1720 Ex
1044 1676 1224 1719 historia
1261 1676 1374 1719 enim
1408 1675 1631 1725 novimus,

343 1771 484 1828 ipsos,
527 1771 630 1823 lic-et
670 1769 816 1811 multis
853 1768 1030 1824 proeliis
1057 1772 1308 1822 superatoS‚
1339 1771 1486 1806 tamen
1510 1762 1640 1805 nullis

343 1873 538 1917 unquam
574 1859 699 1901 hellis
732 1858 929 1900 devictos
963 1857 1114 1907 fuisse,
1155 1855 1305 1912 quod,
1347 1867 1484 1911 quum
1507 1851 1639 1895 semel

345 1964 466 1994 arma
493 1949 734 2008 cepissent,
765 1948 841 1990 illa
875 1960 991 1996 non,
1024 1946 1104 1988 nisi
1129 1944 1323 1987 hostibus
1348 1943 1519 2000 penitus
1533 1942 1641 1985 sub-

347 2041 480 2090 actis,
509 2039 794 2095 deponerent.
847 2036 991 2079 Testes
1014 2041 1112 2077 sunt
1147 2048 1238 2076 non
1269 2033 1403 2075 modo
1423 2031 1481 2073 ad
1502 2043 1637 2073 unum

349 2143 499 2172 omnes
523 2127 678 2170 Italiae
706 2125 885 2182 populi,
916 2138 1066 2168 verum
1089 2124 1218 2165 etiam
1242 2128 1414 2164 exterae
1437 2121 1636 2163 nationes

351 2217 509 2275 (Galli,
545 2213 750 2271 Hispani,
792 2212 971 2260 Graeci.
1004 2210 1374 2267 Carthaginienses
1403 2215 1446 2252 et
1473 2209 1634 2265 aliae‚)

346 2320 462 2363 quae
501 2319 574 2348 sex
611 2302 826 2361 prioribus
863 2308 963 2357 post
1000 2301 1158 2343 Urbem
1195 2300 1420 2343 conditam
1454 2297 1637 2340 saeculis

349 2395 594 2437 debellatae
633 2398 732 2434 sunt
766 2404 791 2432 a
830 2389 1065 2440 Romanis,
1107 2396 1240 2446 atque
1270 2390 1314 2431 in
1338 2389 1530 2445 ipsorum
1556 2399 1637 2444 po-

352 2465 549 2526 testatem
573 2482 780 2536 deinceps
803 2485 1025 2522 venerunt.

390 2683 444 2729 (1)
472 2683 587 2717 Cicero
610 2683 651 2715 de
675 2681 768 2715 Offic.
792 2681 863 2715 Lib.
894 2681 923 2714 1.
950 2690 1021 2723 cap.
1052 2679 1105 2712 17.
