1872 3106
1022 247 1077 286 ὖῦ

405 395 450 436 in
493 394 568 436 illa
612 394 717 437 urbe
759 395 1001 440 obsidendo
1041 398 1286 449 includere,
1342 399 1563 457 copiisque
1602 402 1686 443 suis

404 484 617 540 praefecit
641 484 887 528 Lucretium
915 486 1122 538 Ofellam,
1154 488 1254 545 qui,
1287 502 1423 545 quum
1447 494 1573 531 antea
1594 490 1685 532 Ma-

405 573 627 615 rianarum
649 575 838 630 partium
861 575 1029 627 fuisset,
1047 576 1105 620 ad
1121 576 1283 634 Syllam
1299 576 1589 634 transfugerat
1606 577 1687 635 (l).

406 662 503 720 Ipse
543 663 662 721 Sylla
701 678 831 715 vero,
875 664 1003 707 rebus
1040 665 1099 708 ad
1127 665 1356 708 Praeneste
1380 666 1468 717 ita,
1500 672 1548 709 ut
1574 666 1687 718 dixi,

362 765 364 767 “
404 754 677 808 constitutis,
707 754 896 797 Romam
919 754 1070 811 petiit,
1104 754 1264 797 Urbem
1290 755 1503 812 ingressus
1529 762 1616 808 est,
1647 763 1690 799 et

400 843 519 886 bona
555 843 831 887 inimicorum
865 827 1063 894 suorum,
1107 844 1185 902 qui
1221 845 1302 888 sub
1332 846 1568 891 adventum
1597 846 1691 904 ejus

402 946 552 976 omnes
581 933 865 990 aufugerant,
898 933 978 975 sub
1005 932 1130 976 hasta
1159 933 1356 977 vendidit
1379 934 1464 992 (2).

394 1098 402 1102 ,
454 1111 542 1154 Ista
579 1117 724 1153 autem
751 1109 900 1152 infelix
924 1124 1072 1167 pugna
1101 1110 1161 1153 ad
1186 1110 1418 1155 Praeneste
1437 1103 1556 1156 'adeo
1580 1113 1685 1157 Car-

400 1200 561 1243 bonem
599 1197 872 1256 perculerat,
921 1205 969 1241 ut
1010 1213 1110 1242 cum
1151 1199 1289 1256 copiis
1325 1201 1410 1243 suis
1447 1201 1687 1245 Ariminum

399 1296 673 1345 properaret.
743 1289 842 1343 Quo
871 1288 1018 1340 faet0,
1052 1302 1188 1346 quum
1217 1288 1308 1332 duo
1338 1289 1503 1347 Syllani
1530 1291 1686 1342 duces,
1715 1325 1717 1328 .

396 1378 592 1421 Metellus
614 1384 656 1420 et
680 1377 914 1434 Pompeius
929 1409 940 1427 ,
960 1376 1167 1419 abeuntes
1177 1385 1563 1434 persequerentur,
1596 1381 1686 1422 Me-

397 1468 525 1511 tellus
564 1473 735 1524 partem
782 1464 997 1510 exercitas
1039 1465 1303 1508 Carboniani
1346 1466 1465 1509 facili
1507 1468 1686 1525 negotio

394 1556 583 1607 cecidit,
628 1569 763 1613 quum
801 1554 998 1611 quinque
1036 1552 1226 1596 hostium
1264 1553 1468 1598 cohortes
1496 1556 1554 1598 ad
1585 1570 1684 1599 eum

395 1645 678 1696 defecissent,
712 1651 755 1687 et
778 1642 1013 1700 Pompejus
1039 1643 1160 1685 circa
1186 1641 1320 1685 Senas
1340 1643 1442 1686 item
1455 1644 1684 1688 victoriam

517 1860 586 1892 lem
620 1858 712 1891 hane
741 1856 1000 1896 munitionem,
1027 1856 1121 1899 quod
1144 1855 1303 1899 undique
1331 1855 1416 1889 Urbs
1438 1861 1490 1889 ese
1513 1858 1691 1892 cuniculis

515 1918 664 1953 occultis
695 1918 885 1961 perforata
900 1939 910 1956 ,
946 1926 1097 1959 quorum
1133 1917 1200 1949 alii
1235 1927 1349 1960 aquae
1385 1918 1583 1959 ducendae,
1620 1920 1690 1953 alio·

514 1979 748 2013 clandestinis
772 1977 925 2010 exitibus
946 1977 1151 2010 inserviunt
1165 1990 1176 2009 .·
1199 1978 1240 2009 in
1263 1987 1413 2020 quorum
1437 1988 1510 2011 uno
1534 1979 1689 2012 obsessus

515 2040 657 2072 Marius
666 2039 798 2080 junior
813 2039 940 2081 periit.
987 2036 1178 2070 Enimvero
1194 2041 1237 2070 ut
1255 2038 1341 2070 aliis
1360 2038 1505 2071 urbibus
1523 2040 1566 2071 in
1579 2044 1689 2083 parte

511 2099 710 2144 felicitatis
746 2099 849 2141 eopia
875 2107 996 2130 rerum
1018 2099 1184 2140 ponitur,
1213 2098 1268 2129 ita
1294 2102 1418 2131 contra
1442 2099 1692 2132 Praenestinis

515 2170 583 2193 sua
604 2159 790 2203 opulentia
814 2159 1023 2191 calamitosa
1041 2159 1124 2201 fuit
1147 2158 1188 2190 ob
1209 2158 1449 2191 Romanorum
1474 2160 1686 2195 seditiones.-

513 2232 599 2255 παθη
627 2221 691 2264 qui
712 2229 822 2252 novas
840 2229 897 2251 res
918 2218 1176 2259 moliebamur,
1202 2228 1243 2250 eo
1264 2219 1535 2260 confuqiebam:
1559 2221 1686 2263 quibus

517 2282 750 2326 expuqnatis,
785 2290 864 2314 cum
898 2279 973 2313 alia
1007 2280 1138 2312 damna
1176 2278 1257 2311 Urbi
1280 2279 1580 2321 injunqebamur,
1608 2286 1685 2314 tum

522 2354 608 2386 αρσι-
632 2341 874 2379 adimebatur,
900 2339 1005 2382 culpa
1027 2349 1051 2372 a
1069 2339 1228 2372 sontibus
1250 2340 1290 2372 in
1309 2340 1476 2372 innoxios
1497 2341 1687 2376 translata.

430 2404 578 2448 (l)1.iv.
613 2402 704 2446 Epit.
735 2402 774 2435 1„
807 2398 1042 2439 LXXXVIII„
1075 2399 1163 2434 Veli.
1198 2401 1333 2433 Patere.
1364 2399 1436 2431 Lib.
1471 2400 1508 2432 11
1539 2412 1572 2435 c.
1599 2401 1682 2443 27..

510 2463 654 2506 Appian.
678 2462 775 2496 Alex.
800 2459 887 2493 Bell.
913 2460 986 2494 (Σίν.
1007 2459 1080 2492 Lib.
1104 2459 1135 2494 I.
1158 2469 1191 2492 c.
1211 2460 1268 2494 88.
1283 2483 1294 2502 ‚
1316 2459 1432 2494 Aurel.
1447 2459 1539 2495 vict.
1554 2461 1596 2495 de
1609 2461 1680 2496 vir.

516 2522 647 2556 Illustr.
674 2533 748 2565 cap.
774 2520 923 2554 LXVIII.

434 2583 485 2626 (2)
509 2583 578 2615 Liv.
611 2583 700 2626 Epit.
736 2582 807 2617 Lib.
837 2579 1052 2622 LXXXvn„
1082 2581 1224 2626 Appian.
1254 2580 1347 2615 Alex.
1377 2581 1460 2616 Bell.
1487 2583 1557 2618 Giv.
1582 2583 1685 2617 ubst

514 2654 543 2677 s.
580 2644 637 2676 ὅθί
