1872 3106
856 222 912 263 25

243 382 371 422 nium
405 376 469 435 (l)
516 373 879 419 freinshemium
916 372 981 431 (2)
1015 378 1058 415 et
1073 371 1181 415 alios
1196 371 1321 414 aliter
1332 370 1531 423 sensisse,

244 468 322 511 sed
349 467 447 509 illos
473 466 587 510 viros
609 465 765 508 doctos
790 462 876 507 hrtc
902 464 948 506 in
971 477 1018 507 re
1043 461 1222 505 humani
1248 460 1358 518 quid
1383 473 1533 518 passos

247 572 337 601 esse
354 589 365 609 ,
397 555 577 614 probari
606 568 731 613 posse
767 553 904 597 eredo
962 552 1168 610 Pighius
1193 550 1258 608 (3)
1292 565 1334 594 v.
1356 563 1398 593 e.
1427 550 1534 592 seri·

245 647 336 690 bit:
374 647 425 691 G.
456 648 642 691 Marius
669 643 839 688 consul
849 642 990 700 filius
1025 642 1076 686 0.
1107 642 1258 685 Marii
1276 638 1537 698 triumpha·

245 738 307 780 lis
351 742 397 780 et
435 737 607 794 septies
647 733 868 778 Consulis
900 733 1152 789 adoptione
1170 730 1301 788 fuit,
1335 735 1388 772 ut
1418 728 1535 772 Plu-

245 825 463 876 tarchus,
499 825 683 874 Livius,
725 822 951 879 Vellejus,
986 827 1031 863 et
1050 820 1537 863 aliiconseutiunt.—-

243 916 403 962 Verum
415 927 560 971 neque
573 914 750 962 Livius,
762 923 907 967 neque
927 909 1127 966 Vellejus
1143 906 1444 959 Pater-culus,
1461 921 1539 950 ne-

245 1019 333 1063 que
345 1003 454 1046 alius
464 1002 653 1059 scriptor
664 1000 843 1042 Latinus
854 998 973 1046 hunc
987 998 1038 1043 0.
1052 999 1259 1042 Marium
1268 1010 1464 1054 unquam
1468 995 1537 1053 fi-

246 1095 359 1138 lium
383 1094 654 1150 adoptivum
675 1089 869 1140 vocavit,
901 1089 978 1132 sed
993 1088 1247 1145 simpliciter
1259 1101 1429 1145 semper
1441 1094 1539 1130 tan-

247 1182 476 1227 tummodo
486 1181 649 1238 filium
671 1186 849 1223 vocant.
914 1178 967 1221 Et
983 1178 1108 1236 quod
1125 1177 1184 1220 sd
1203 1177 1513 1221 Plutarchum
1528 1209 1538 1227 ,

246 1272 320 1316 hic
351 1270 608 1330 Pighianis
640 1270 774 1327 plane
805 1269 1028 1312 contraria
1046 1281 1126 1311 nos
1145 1266 1292 1310 docet.
1351 1266 1543 1309 Primum

245 1362 361 1406 enim
398 1360 508 1404 dicit
550 1358 617 1417 (4)
634 1391 645 1411 ,
697 1360 748 1404 C.
793 1359 998 1402 Marium
1021 1362 1191 1414 patrem
1219 1355 1545 1400 matrimonium

246 1451 389 1495 iniisse
402 1464 503 1494 cum
516 1449 650 1493 amita
658 1447 1017 1500 CaesarisJulia‘5
1031 1453 1075 1489 et
1090 1445 1251 1489 deinde
1267 1445 1354 1487 alio
1367 1446 1469 1487 loco
1477 1444 1540 1501 (5)

248 1540 406 1583 diserte
443 1539 655 1590 affirmat,
702 1539 856 1581 Mario
882 1551 935 1581 ex
962 1534 1047 1579 hac
1077 1535 1207 1579 Julid
1238 1541 1391 1578 natum
1417 1534 1544 1577 fuisse

240 1628 428 1686 filium,
473 1627 784 1672 consobrinum
822 1626 870 1671 C.
917 1626 1019 1669 sulii
1058 1626 1266 1670 Caesaris.
1345 1625 1410 1668 En
1451 1625 1547 1682 ipsa

255 1716 510 1761 Plutarchi
540 1716 699 1760 verba:
760 1716 917 1771 Ἰουλίᾳ
945 1718 1040 1773 γάρ,
1076 1718 1227 1773 πατρὸς
1257 1714 1413 1772 ἀδελφῇ
1439 1715 1547 1758 Καὶ-

254 1823 372 1863 σαρος
387 1836 400 1860 ,
448 1808 475 1850 ὁ
525 1808 784 1864 πρεσβύτερος
831 1810 1002 1862 συνῴκει
1047 1809 1235 1861 Μάριος,
1274 1806 1318 1856 ἐξ
1363 1803 1411 1860 ἧς
1447 1807 1551 1859 ἐγε-

252 1900 402 1951 γόνει
437 1900 642 1953 Μάριος
682 1899 708 1940 ὁ
748 1899 1020 1954 νεώτερος,
1072 1897 1286 1952 ἀνεψιὸς
1314 1896 1383 1940 ὤν
1419 1895 1547 1939 Καί-

252 2005 415 2046 σαρος.
436 1987 483 2030 id
507 1993 589 2031 est:
615 1987 795 2031 Julc'am
819 1989 960 2039 enim,
982 1985 1200 2030 Caesarie
1215 1989 1427 2037 amitam,
1445 1986 1549 2029 Ma-

255 2081 356 2121 rius
397 2078 552 2134 major
590 2079 640 2118 in
678 2079 973 2119 matrimonio
1009 2076 1196 2127 habuit,
1231 2091 1288 2119 ex
1315 2077 1411 2133 qud
1447 2076 1550 2119 Ma·

253 2172 354 2212 rius
372 2168 547 2226 junior
570 2172 713 2209 natus
740 2172 835 2217 est,
866 2166 1091 2211 Caesaris
1108 2166 1549 2210 consobrinus.Jam

258 2259 390 2316 igitur
427 2256 536 2300 scire
572 2257 725 2307 velim,
769 2270 827 2299 an
864 2256 1023 2299 certius
1062 2256 1382 2308 testimonium,
1417 2268 1550 2313 quam

293 2393 350 2437 (l)
372 2394 486 2437 Sigon.
512 2394 547 2426 in
569 2393 660 2426 tut.
685 2392 781 2425 Rom.
807 2401 842 2434 p.
868 2389 949 2423 ⁴57.
972 2390 1014 2423 Ι).
1035 2390 1072 2422 C.

298 2453 351 2497 (2)
372 2453 525 2488 'rein-h.
552 2453 593 2486 nd
618 2452 687 2485 Liv.
708 2451 797 2495 tpit.
823 2450 859 2483 1..
886 2449 1057 2484 uxxvt.

296 2514 350 2556 (8)
373 2514 484 2556 Pisshtt
508 2514 631 2547 Annei.
655 2512 697 2545 nd
721 2513 764 2545 A.
788 2511 830 2546 U.
854 2510 892 2543 C.
913 2509 995 2544 671.

298 2572 352 2617 (⁴)
376 2573 468 2608 mut.
494 2575 528 2607 in
549 2574 618 2607 vita
643 2572 734 2606 larii
759 2584 795 2616 p.
819 2569 899 2604 ⁴08.
923 2571 961 2605 B.

300 2634 353 2678 (ὕ)
377 2634 467 2668 mut.
494 2635 528 2667 in
551 2635 621 2668 vit&
638 2633 784 2668 Cnemis
804 2643 838 2676 p.
864 2630 942 2666 707.
967 2632 1003 2665 Ε.
